2938 4770
279 573 344 635 tut
584 559 585 566 ¹
610 587 858 632 aasrrrorronuar

230 714 303 766 sunt
331 703 466 790 publica,
491 702 544 768 serl
581 704 697 768 occulta
726 699 785 789 (1),
816 713 844 764 ct
877 700 1035 765 necessitas
1062 701 1221 789 judicandi

231 792 392 856 immineat
424 803 547 880 propter
582 791 733 868 alliciam,
753 800 858 875 ‘potest
890 811 961 854 cnm
990 791 1161 856 hnmilitate
1195 807 1224 858 et

230 881 342 945 timore
366 883 411 947 vel
443 903 569 968 arguere
597 881 642 946 vel
668 879 818 970 judicare.
842 879 929 942 Unde
957 881 1145 966 Augustinus
1176 881 1224 947 di-

190 987 192 992 ’
225 971 273 1034 cit
293 971 353 1056 (lle
376 993 470 1038 serm.
493 974 585 1034 Dour.
611 969 641 1034 in
674 979 789 1052 morito,
815 968 871 1032 lib.
899 970 938 1052 lt,
964 990 1031 1054 cap.
1058 973 1114 1053 19,
1140 971 1230 1045 circa¹

229 1059 341 1144 med.):
372 1061 422 1124 «Si
449 1060 655 1142 invenerimus
679 1081 733 1123 nos
757 1059 788 1121 in
814 1056 923 1122 eodem
947 1058 1021 1121 vitio
1043 1081 1119 1138 esso,
1145 1080 1240 1124 con-.

226 1150 444 1234 'genriecamus
469 1160 499 1213 et
528 1148 566 1213 ad
593 1148 706 1232 pariter
735 1147 911 1212 conandum
936 1147 1131 1214 invitemus.»
1160 1149 1222 1212 Nec

226 1247 330 1302 tumen
351 1248 477 1323 propter
497 1237 566 1313 boc,
579 1237 671 1302 homo
691 1236 735 1301 sic
753 1236 887 1322 seipsum
905 1235 1103 1312 condemnat,
1121 1249 1154 1300 ut
1171 1259 1226 1302 nu-

226 1347 298 1390 rum
333 1326 599 1390 condemnationis
633 1326 778 1394 meritum
803 1325 862 1390 sibi
892 1325 1039 1412 acquirat3
1076 1326 1127 1390 sed
1152 1328 1222 1414 quia

224 1415 437 1480 condemnans
453 1415 559 1490 alium,
583 1414 716 1480 ostendit
740 1437 771 1478 se
794 1414 937 1479 similiter
953 1413 1221 1480 condemnabilem

227 1525 291 1568 esse
322 1517 448 1589 propter
470 1505 550 1569 idem
571 1515 729 1592 peccatum
757 1505 803 1568 vel
829 1503 930 1568 simile
952 1501 1034 1592 (2).»
1065 1507 1220 1584 2126,

251 1642 260 1659 .
291 1596 334 1658 66
377 1597 410 1660 2.
880 1641 889 1668 ,

224 1615 418 1747 ql'raelerea
442 1685 524 1769 juxta
552 1681 677 1770 allegata
707 1669 739 1748 et
762 1681 890 1768 probata
912 1679 1005 1768 judex
1026 1695 1147 1769 semper
1170 1687 1223 1769 jn-

226 1768 327 1836 dicare
348 1771 449 1836 debet.
478 1771 574 1856 lbid.,
600 1795 630 1857 q.
659 1773 714 1854 67,
739 1776 772 1839 2.

270 1862 400 1946 Insuper
413 1860 529 1947 judicia
546 1860 638 1924 dubia
662 1861 699 1924 de
725 1859 838 1925 malitia
859 1858 991 1936 alterius,
1014 1861 1044 1924 in
1062 1860 1220 1926 meliorem

225 1960 342 2034 partem
365 1971 486 2035 semper
507 1961 577 2013 sunt
599 1948 846 2034 interpretanda.
861 1948 957 2026 lbid.,
975 1973 1004 2034 q.
1027 1953 1081 2031 611,
1100 1952 1132 2014 l.

198 2079 205 2094 .
256 2038 421 2102 .«Faciliur
448 2038 539 2102 debet
566 2060 629 2103 ease
649 2039 739 2123 judex
759 2037 797 2102 ad
823 2039 1045 2104 absolvendum
1068 2061 1159 2126 quum
1184 2039 1222 2103 ad

221 2126 520 2212 condemnamdum3
546 2128 602 2191 nisi
620 2129 698 2192 forto
720 2130 751 2191 in
773 2128 870 2191 causis
886 2124 1122 2206 favorabilibus,
1143 2129 1221 2192 sicat

222 2226 371 2280 estcausa
396 2217 541 2282 libertatis
554 2217 583 2279 et
598 2217 814 2302 hujusmodi.»
828 2220 963 2291 21219,
975 2241 1006 2304 q.
1021 2223 1076 2297 70,
1094 2222 1128 2303 2,
1143 2219 1180 2282 ad
1191 2221 1222 2281 2.

271 2309 386 2372 aPoenu
408 2319 509 2370 eutem
534 2307 690 2392 corrigens
710 2329 771 2370 non
791 2307 957 2392 requiritur
976 2307 1029 2372 ubi
1048 2305 1222 2372 emendatio

221 2397 285 2480 jam
310 2397 498 2480 praecessit.»
524 2397 646 2481 Suppl„
666 2419 697 2482 q.
720 2398 775 2474 62,
794 2399 827 2463 2.
856 2417 859 2428 ‘

266 2488 406 2548 Attamen
438 2497 596 2548 «cessante
629 2487 718 2566 culpa
751 2495 780 2546 et
812 2493 960 2570 qarentum
990 2483 1028 2548 ad
1060 2497 1223 2550 actumct

221 2583 371 2658 quantum
396 2573 436 2636 ad
462 2573 628 2658 maculam,
652 2574 752 2636 edlrac
777 2583 879 2636 manet
908 2573 1025 2658 aliquid
1051 2574 1089 2639 de
1124 2585 1220 2654 roatu;

220 2671 253 2724 et
291 2671 425 2725 cessante
464 2673 548 2726 reatu
583 2663 684 2750 quoad
711 2665 835 2745 Deums
863 2661 963 2726 adhuc
997 2675 1098 2727 manet
1124 2675 1222 2728 reatus

221 2750 323 2835 quoad
345 2772 467 2835 poenam
495 2751 640 2816 humano
653 2751 771 2838 judicio
799 2750 1003 2832 inferendam,
1028 2754 1099 2838 quia
1126 2751 1219 2817 bomo

221 2860 284 2902 non
311 2839 478 2925 videtum,
505 2842 584 2906 sicut
608 2845 724 2905 Deus.»
752 2840 848 2916 lbid.,
871 2843 904 2917 6,
927 2840 965 2904 ad
983 2845 1018 2905 2·.

264 2929 405 3016 Denique
419 2932 517 3014 poenee
535 2930 663 2995 inflictio
680 2951 817 2994 amorem
839 2929 1046 3016 delinquentis
1067 2951 1127 2995 non
1151 2931 1220 2996 des-

220 3027 312 3083 truat.
335 3020 455 3082 Etenim
477 3041 618 3105 asemper
639 3021 724 3083 licuit
739 3020 898 3104 indulgere
915 3019 1052 3103 peccanti
1070 3032 1221 3105 quantum

219 3105 257 3170 ad
274 3128 432 3172 rancorem
453 3107 567 3190 cordis,
591 3108 723 3172 sednon
743 3119 893 3195 quantum
913 3107 950 3172 ud
968 3129 1090 3192 poenam
1109 3106 1220 3172 divini-

218 3206 268 3259 tas
290 3195 354 3282 (vel
380 3196 579 3286 humanitus)
601 3208 763 3262 taxatam.»
788 3196 886 3280 lbid.,
914 3219 946 3284 q.
969 3199 1025 3283 67,
1043 3199 1064 3262 6
1084 3197 1122 3262 ad
1142 3203 1173 3265 2.
1283 3215 1286 3222 ·

217 3379 487 3396 Μ

255 3459 293 3530 (1)
330 3461 459 3534 Primum
472 3465 504 3519 B.
521 3463 646 3520 Thomas
661 3463 797 3520 docuerat
811 3459 912 3532 {Sento
924 3475 962 3525 rv,
978 3462 1043 3517 dist.
1062 3462 1105 3528 m,
1123 3471 1176 3518 art.
1192 3463 1218 3526 ,2,

220 3531 387 3600 quaestiunc.
405 3534 437 3601 2)
456 3551 521 3593 eum
543 3551 662 3605 peccare
684 3534 731 3604 qui
755 3533 881 3588 existens
902 3533 934 3588 in
958 3538 1073 3602 peccato
1102 3534 1219 3588 mortali

219 3602 307 3657 ctiam
323 3603 445 3671 occulto,
463 3608 552 3662 utitur
570 3605 665 3661 allicio
683 3603 868 3676 praelationis
886 3603 1008 3660 alterum
1024 3605 1220 3674 corripiendo,

218 3673 264 3728 vol
283 3674 438 3744 quidquam
460 3677 538 3732 aliud
559 3678 666 3747 proprii
682 3676 771 3732 ollicii
788 3675 965 3745 monacnum
989 3678 1038 3732 sed
1054 3676 1128 3732 hanc
1153 3679 1220 3731 sen·
1286 3709 1288 3712 -

219 3745 341 3871 [milam
360 3749 526 3887 {arrectaria
542 3750 716 3820 (comment.
735 3749 767 3805 in
783 3763 843 3818 cap.
861 3761 915 3802 vm
938 3747 1024 3816 loen.
1046 3754 1073 3802 et
1098 3748 1130 3802 in
1154 3763 1227 3822 can¹

219 3829 250 3872 11.
300 3832 357 3872 om.

254 3886 291 3956 (2)
331 3889 417 3944 Error
432 3896 474 3944 est
501 3889 533 3946 in
553 3892 682 3949 Wiclefu
699 3891 795 3962 (cunc-
822 3889 972 3948 Ounstant.
990 3906 1058 3946 sess.
1083 3889 1114 3962 8)
1134 3891 1218 3964 etin

216 3956 330 4014 loannc
346 3959 431 4015 Huss
449 3961 530 4030 (sess.
546 3967 600 4033 xv)
616 3965 777 4025 damnatus,
799 3962 894 4018 dicere
909 3962 987 4031 quod
1003 3961 1100 4016 nullus
1116 3961 1152 4016 sit
1168 3962 1215 4016 do·
1307 4007 1317 4013 .,

217 4027 314 4084 mln'us
329 4031 433 4100 civilis,
446 4032 544 4090 nullus
559 4036 700 4105 praelatus,
716 4033 815 4090 nullus
829 4033 981 4105 episcopus
995 4036 1110 4103 quando
1127 4041 1170 4088 est
1185 4033 1226 4106 in*
1280 4087 1283 4094 .

217 4109 334 4170 peccato
353 4103 480 4162 mortali.
