2924 4770
283 592 348 654 iss
613 610 861 654 ins'riruriouuii

235 737 265 788 et
287 722 442 790 sententiaa
469 745 560 786 sacru
585 723 761 808 scripturae
790 725 828 794 ad
866 723 1005 789 scurrilia
1037 721 1153 788 scilicet
1188 720 1233 784 la·

234 812 356 898 biilosa,
387 833 473 888 iana,
507 811 709 914 adulationes,
746 813 959 882 detractiones
992 812 1233 898 superstitiones,

233 901 359 988 impias.
390 913 419 964 et
453 861 657 964 diabolicas
650 905 882 983 incantationes,
914 903 1128 980 divinationes,
1166 921 1232 963 sor-

234 1003 291 1068 tea
323 990 443 1054 libellos
459 1005 550 1054 etiam
574 991 720 1056 famosos:
747 993 883 1071 mandat,
908 1005 939 1056 et
958 993 1096 1078 praecipit
1113 988 1150 1052 ad
1177 977 1234 1051 tul·

233 1079 356 1144 leudam
379 1079 558 1181 hujusmodi
591 1081 829 1158 irreverentiam,
854 1094 883 1146 et
898 1095 1125 1166 contemptum
1144 1101 1182 1141 ne
1197 1077 1234 1140 de

234 1182 344 1235 caetero
373 1169 535 1255 quisquam
566 1168 802 1256 quomodolibet
835 1171 924 1234 verba
954 1171 1119 1254 scriptura
1144 1188 1234 1230 sacrae

234 1257 272 1323 ad
300 1259 374 1334 brec,
404 1269 433 1322 et
467 1257 579 1320 similia
608 1257 719 1322 audeat
750 1281 910 1344 usurpare,
941 1272 974 1324 ut
1005 1281 1112 1323 omnes
1144 1255 1234 1360 hujus

233 1348 353 1432 generis
371 1346 510 1410 homines
530 1357 736 1450 temeratorem
758 1361 787 1412 et
814 1349 976 1412 violatores
1002 1346 1086 1412 veihi
1106 1347 1189 1410 Dei
1180 1367 1232 1430 Ju-

166 1512 169 1518 ἡ
231 1437 285 1518 ris,
306 1447 335 1500 et
350 1435 469 1499 arbitrii
486 1435 584 1520 poenis
599 1458 652 1521 per
670 1439 838 1540 Episcopus
857 1447 1088 1504 coerceantur.»
1105 1439 1170 1500 Ses.
1183 1433 1234 1507 df

277 1528 323 1588 De
353 1523 439 1589 libris
466 1547 558 1626 super
581 1525 673 1589 rebus
698 1527 790 1591 sacris
817 1528 863 1590 ιθΙ
872 1528 1089 1678 sreligiosis...
1114 1523 1235 1590 «Nuti-

232 1636 292 1700 que
312 1615 430 1678 liceat
423 1615 613 1698 imprimere,
636 1616 715 1680 rel
708 1617 846 1702 imprimi
872 1616 972 1681 lacere
992 1616 1115 1702 quosvis
1137 1613 1250 1678 libius·

233 1704 272 1768 de
302 1703 393 1768 rebus
421 1705 514 1767 sacris
541 1705 606 1768 sine
633 1704 759 1769 noniine
790 1707 936 1790 auctoris3
964 1726 1067 1808 ‘neque
1102 1703 1208 1768 illus
1203 1723 1231 1764 m

233 1792 374 1856 futurum
405 1792 546 1868 vendere,
569 1795 731 1857 autetiam
757 1794 839 1879 apud
863 1817 894 1859 se
907 1795 1059 1873 retinere,
1089 1792 1147 1855 nisi
1168 1791 1232 1878 pri-

232 1904 319 1946 mum
348 1883 522 1955 examinati,
544 1883 726 1969 probatique
754 1883 869 1947 suerint
893 1883 932 1947 ab
959 1845 1141 1964 Ordiiiari03
1175 1880 1232 1944 sub

231 1992 321 2072 οιιιιιιι
348 1970 560 2044 anathematis
595 1982 624 2036 et
647 1973 784 2074 pecuniae
811 1975 841 2035 in
867 1993 985 2037 canone
1015 1933 1141 2040 concilii
1174 1991 1230 2034 nc-

232 2058 348 2123 vissimi
380 2061 590 2126 Lateranensis
608 2063 748 2146 apposita
776 2060 887 2146 (Later,
912 2062 969 2125 sub
988 2063 1090 2125 Leone
1110 2061 1163 2146 Χ.)
1183 2063 1231 2141 Et,

231 2171 257 2212 ιι
249 2145 430 2234 regulares
450 2149 576 2234 luerint,
597 2154 673 2214 ultra
691 2151 947 2228 examinationem
968 2163 997 2214 et
1018 2111 1231 2236 probationeui

230 2237 424 2324 hujusmodi,
450 2241 604 2304 licentiam
625 2233 748 2326 quoque
771 2263 788 2303 a
807 2262 870 2304 suis
891 2240 1137 2325 Superioribus'
1132 2261 1229 2324 impe-

231 2339 311 2392 trare
340 2339 500 2393 teneantur
525 2327 688 2415 recognitis
711 2352 765 2414 per
791 2351 843 2394 θοι
870 2329 967 2404 libris,
992 2333 1072 2416 jiixta
1097 2329 1230 2412 sormam

233 2424 359 2492 suarum
386 2418 630 2483 ordinationum,
659 2420 719 2496 Qui
735 2431 845 2488 ,antem
874 2419 989 2502 scripto
1015 2440 1066 2482 eos
1089 2440 1233 2482 cunimu-

230 2507 347 2590 iiicant,
383 2509 428 2570 vel
458 2508 611 2593 evulgaut,
648 2509 706 2572 nisi
738 2519 824 2572 antea
851 2508 1011 2571 examinati
1047 2507 1231 2592 probatique

230 2594 358 2674 fuerint,
386 2595 500 2660 eisdem
528 2597 627 2683 poeuis
657 2596 847 2685 subjaceant,
876 2597 990 2682 quibus
1017 2596 1228 2680 impressuras.

231 2686 269 2746 Et
293 2685 345 2769 qui
363 2706 414 2748 θοι
434 2685 611 2766 habuerint,
636 2687 681 2750 vei
702 2687 839 2771 legerint,
857 2685 915 2749 nisi
943 2685 1135 2772 prodiderint
1154 2707 1226 2748 auc·

230 2787 324 2852 tores,
357 2795 413 2860 pro
437 2774 616 2839 auctoribus
647 2775 828 2842 habeantur.
855 2775 923 2860 Ipsa
951 2797 1022 2838 veru
1051 2773 1229 2926 hujusmodi

190 2927 194 2936 ,
229 2824 383 2928 libroiiim
405 2864 585 2968 probatio
564 2888 595 2929 in
613 2866 733 2950 scriptis
749 2864 850 2945 detur;
875 2876 965 2951 atque
986 2863 1083 2928 ideo
1078 2887 1107 2926 in
1129 2865 1229 2928 lronte

231 2951 318 3034 libri,
349 2954 393 3016 rel
422 2954 526 3037 scripti
553 2955 636 3018 rel
623 2955 782 3039 impressi,
808 2951 982 3017 authentice
1005 2967 1162 3054 appareat:
1188 2955 1225 3015 it
1299 3015 1300 3024 ,

231 3064 290 3128 que
307 3053 427 3118 totum,
458 3042 593 3116 bocest
620 3054 651 3108 et
675 3042 817 3132 probatio
838 3053 867 3106 et
890 3065 1027 3117 examen
1054 3055 1145 3127 gratis
1166 3041 1228 3106 hat

231 3142 264 3192 ut
290 3093 446 3212 probanda
478 3131 660 3218 probentur,
694 3143 723 3197 et
753 3131 956 3217 reprobentur
988 3131 1225 3218 improbanda.»
1231 3203 1241 3218 „

231 3219 312 3285 lbid.

276 3314 373 3393 Super
406 3309 555 3374 librorum
583 3332 709 3375 censura
740 3293 879 3374 videatur
903 3309 991 3374 Bulla
1019 3310 1174 3374 «Sollicita
1196 3331 1230 3378 cc

233 3397 381 3482 provida»
406 3399 570 3464 Benedicti
600 3403 715 3463 xiv.

491 3593 679 3659 CONTRA
705 3519 968 3659 ECCLESIAbd.

203 3768 204 3772 ’
274 3757 326 3819 Est
347 3751 492 3820 delictum
519 3763 624 3820 contra
648 3755 815 3820 Ecclesiam
842 3753 1025 3820 defraudare
1051 3755 1101 3840 pia
1120 3756 1228 3840 legata3

229 3844 430 3932 simulque
402 3846 552 3908 resultat
545 3848 686 3933 iniquum
708 3847 773 3931 pias
795 3843 935 3910 fidelium
961 3846 1129 3909 ioluntates
1151 3867 1231 3908 coin-

229 3947 359 4014 mutare,
382 3933 438 3998 nisi
466 3957 499 3998 ex
520 3939 603 4022 juxta
630 3948 659 4000 et
682 3933 848 3999 neccssaria
867 3957 969 4008 causa
996 3947 1025 3998 et
1047 3934 1230 4020 ,apostolieae

229 4024 341 4088 Sedis
335 4037 524 4091 auctoritate
544 4027 579 4090 C.
608 4028 657 4089 6.⁰
679 4019 752 4087 de
737 4023 793 4088 re
802 4045 891 4103 ,.ses
913 4028 969 4088 22.
1278 4101 1281 4106 1

272 4112 415 4200 Episcopi
442 4103 628 4200 exequantur
650 4113 716 4200 pias
742 4073 850 4176 omiies
875 4111 1104 4201 dispositiones,
1128 4123 1157 4178 et
1177 4112 1227 4199 pia
1307 4129 1310 4134 ’
