2898 4776
263 573 305 633 d8
358 641 360 648 ,
593 587 840 632 inssrrurronun

213 702 403 786 Apostolicu3
434 723 501 786 quie
530 701 716 787 dispens-etio
743 703 760 764 u
792 703 934 766 Romano
965 701 1117 767 Pontifice
1145 725 1206 768 non

214 793 303 856 etitcr
328 790 454 855 concedi
479 795 566 875 soter,
596 814 687 876 quem
713 790 739 852 si
768 812 824 882 ppo
851 812 883 853 eu
915 790 1004 854 instet
1025 793 1206 878 Episcopus3

213 881 260 950 ob.
276 880 428 966 Episcopo
448 892 549 944 eutem
572 879 752 944 soticitnnde
772 890 899 942 nonest
919 880 976 942 nisi
995 881 1136 946 Ecclesiae
1154 903 1207 946 ne-

137 1045 140 1062 ,
214 973 348 1040 cessitas,
377 981 430 1033 eut
449 969 562 1033 utilitas
583 969 613 1032 id
640 968 772 1032 suadeat:
796 970 862 1045 Qirn
885 967 924 1032 de
955 992 986 1032 re
1012 971 1207 1054 Rescriptum

212 1058 296 1122 adest
316 1059 565 1145 Congregotionis
585 1059 794 1121 Cardinntium
817 1057 947 1121 Concilii
965 1057 1136 1122 Tridentini
1154 1062 1207 1123 ln·

210 1158 391 1234 terpretum,
425 1149 552 1212 relatum
582 1152 598 1210 t
615 1147 817 1211 celeberrimo
834 1148 988 1231 Scriptore
1010 1150 1154 1232 Fugnuno
1173 1151 1206 1212 in

213 1236 426 1300 Commentar.
443 1237 491 1300 ad
509 1239 559 1300 cit.
579 1249 644 1318 cap.
673 1237 768 1315 Quod
782 1237 848 1300 Dei
869 1238 1024 1299 timorem.
1043 1259 1130 1300 num.
1152 1255 1204 1320 J7.

209 1326 249 1388 de
262 1325 359 1389 Statu
375 1325 560 1390 Monocdor.
585 1327 613 1388 in
633 1327 695 1389 hec
711 1323 800 1388 verbe
818 1345 1016 1409 conceptum.
1038 1325 1117 1389 Cum
1125 1327 1207 1407 fue-

207 1417 254 1478 m't
278 1416 476 1496 repetentum,
502 1438 544 1479 an
566 1416 742 1498 Regularis
758 1418 864 1496 possit
879 1416 1007 1497 profici
1028 1437 1113 1478 curoe
1132 1418 1205 1479 oni-

207 1525 338 1567 morum
356 1504 396 1568 ab
414 1505 574 1586 Episcopo,
593 1507 663 1568 sine
679 1506 912 1586 dispensatione
926 1505 1122 1584 Apostolum
1138 1504 1204 1568 Sa·

208 1615 263 1656 cra
289 1592 499 1676 Congregotz'o
528 1593 658 1658 Concilii
673 1595 804 1665 censuit,
827 1615 887 1658 non
901 1605 1005 1674 posse,
1030 1595 1095 1656 nesi
1115 1617 1201 1657 occe-

206 1682 300 1745 dente
318 1682 562 1763 dz'spensotione;
585 1705 657 1765 queo
684 1705 743 1745 non
767 1683 895 1745 vedetur
920 1683 1121 1757 concedenda,
1141 1685 1207 1746 nz'sz'

205 1771 345 1838 instante
361 1771 520 1853 Epzscopo,
527 1784 590 1852 pro
608 1773 800 1846 necessitate,
818 1773 872 1835 vel
885 1772 1024 1834 utilitate
1043 1772 1201 1834 Ecclesz'ae.

206 1860 240 1921 ln
268 1859 396 1923 eundem
423 1863 602 1924 sententium
629 1861 775 1944 deinceps
799 1861 855 1922 elie
879 1861 1040 1942 complura
1074 1863 1198 1924 Decreta

204 1947 387 2032 prodierunt
412 1950 594 2013 dSummis
622 1944 824 2013 Pontificibus
853 1947 1045 2016 confirmem.
1082 1950 1202 2026 Quibus

207 2036 286 2131 intep
319 2059 351 2100 se
381 2039 509 2114 collutis,
540 2050 703 2124 nostroque
733 2037 881 2101 diuturno
908 2037 1010 2101 studio
1041 2048 1070 2102 ct
1097 2039 1202 2103 labore

205 2123 367 2208 diligenter
399 2127 583 2211 ponderetis,
614 2127 651 2192 ed
681 2127 888 2191 definiendum
918 2139 1048 2190 veterem
1080 2141 1201 2192 contro·
1289 2163 1291 2170 ι

202 2216 331 2278 versiam
353 2239 445 2300 super
463 2211 628 2303 capicitete
649 2217 887 2291 Canonicoruni,
913 2216 1113 2301 Regiderium
1134 2217 1201 2282 La·

203 2308 427 2381 teronensium,
454 2316 485 2368 et
506 2307 711 2371 Sancte'ssz'mi
730 2305 912 2370 Salootom's
937 2318 1197 2391 nuncupatorum,

202 2391 241 2456 ud
272 2394 436 2458 olitinenda
460 2396 613 2460 Beneficia
637 2400 759 2470 Coreto,
788 2406 817 2458 et
844 2393 1072 2479 Residentintie,
1100 2398 1201 2480 Apus-

202 2481 327 2546 toticuni
362 2486 616 2548 Constitutionem
651 2484 781 2569 septimo
816 2483 885 2546 idus
915 2485 987 2547 dutii
1020 2486 1111 2552 Anno
1136 2489 1201 2548 Du-

203 2571 280 2634 mini
311 2575 501 2652 otuuuxtv
526 2573 692 2652 edidimus,
722 2574 931 2657 incipientem:
961 2573 1057 2650 Quod
1076 2576 1198 2638 inscru-

201 2661 303 2737 tadilz,
333 2685 399 2746 qum
430 2664 459 2725 in
496 2664 621 2726 Buterio
653 2674 755 2725 nostro
785 2663 930 2747 impresse
961 2674 1014 2736 est,
1052 2663 1141 2728 Tom.
1170 2663 1197 2728 I.

199 2770 287 2812 num.
316 2751 491 2827 CXXXV,
510 2752 722 2836 prouectum,
747 2773 805 2814 unu
831 2773 902 2815 curn
920 2751 1125 2817 Disertntione
1145 2775 1198 2815 su-

199 2859 255 2921 per
281 2838 338 2903 hoc
365 2846 380 2902 d
407 2842 653 2919 Nouissimam,
682 2839 793 2904 inserte
823 2840 881 2904 suit
908 2845 925 2902 d
953 2838 1195 2926 diligentissimis

131 2953 134 2958 ·
198 2926 378 2992 Edituribus
402 2932 436 2993 in
461 2930 704 2994 Comercentarizs
723 2931 862 3004 Joarmz's
884 2930 1045 3011 Baptistae
1066 2931 1195 3012 Rigon-

198 3017 240 3078 tz'z'
263 3019 310 3080 ad
325 3019 471 3100 Regulos
499 3019 705 3084 Cancellorioe
728 3021 928 3102 Apostolz'cce:
947 3021 980 3081 ln
1006 3041 1065 3103 qua
1086 3042 1197 3106 nempe

198 3107 420 3170 Constitutione
452 3108 609 3173 decretum
635 3110 703 3185 suit,
738 3109 900 3195 predictos
931 3109 1115 3191 Canonicos,
1145 3119 1196 3171 ut-

162 3263 171 3274 ,
197 3207 269 3278 pote
288 3218 375 3258 verns
394 3198 571 3283 Regulurcs,
593 3199 765 3283 Apostolicu
787 3197 1022 3281 Dispensatione
1042 3196 1195 3281 indigere,

198 3295 231 3346 ut
262 3283 440 3370 hujusmodi
472 3287 625 3351 Beneficia
652 3301 863 3373 assequentur3
897 3287 1015 3350 tametsi
1044 3289 1065 3350 d
1092 3287 1194 3351 Sanc-

196 3383 299 3435 torum
321 3375 554 3440 Monocdorum
578 3380 726 3441 consortio
749 3400 808 3440 non
829 3377 971 3459 scp'unctz',
995 3379 1117 3458 regulo
1143 3379 1192 3440 in·

195 3465 339 3526 serment
366 3466 497 3543 laxiore}
523 3478 558 3528 ut
585 3466 622 3529 de
651 3467 722 3550 ipsis
747 3466 884 3551 loquitur
909 3464 1071 3550 prodictus
1098 3469 1195 3528 luno·

196 3551 313 3613 centius
337 3553 556 3629 Prredecessor,
578 3555 607 3618 in
627 3557 719 3618 citato
742 3567 809 3636 cap.
836 3554 932 3632 Quod
950 3555 1017 3617 Dei
1033 3557 1189 3628 timorem,

195 3641 235 3703 de
258 3639 354 3706 Statu
383 3643 569 3708 Monacdor.

241 3735 288 3807 «ᾗ.
316 3734 347 3795 2.
397 3731 445 3794 Ab
463 3733 517 3796 huc
534 3753 640 3797 norme
665 3733 792 3796 minime
808 3733 965 3796 recessisse
981 3731 1135 3818 putandus
1150 3744 1193 3795 est

192 3815 334 3900 laudatus
360 3821 569 3886 Praedeeessur
598 3826 725 3885 Sanctus
753 3824 827 3886 Pius
852 3826 902 3901 V„
925 3822 1013 3904 dum,
1043 3844 1104 3906 per.
1122 3843 1191 3884 suus

192 3907 333 3992 allegatus
353 3910 491 3978 Litteras:
517 3913 648 3993 Exponi
665 3913 759 3988 nobes,
780 3913 950 3996 Religiosos
967 3913 1057 3975 Viros
1077 3910 1115 3973 nd
1138 3915 1189 3974 Pe-

193 3994 313 4059 ruchius
331 4001 535 4084 assequendas
557 4003 587 4063 in
611 4003 749 4085 portibus
770 4001 925 4064 indiarum
947 4002 1041 4065 Muris
1061 4001 1191 4082 Oceani,

191 4083 311 4172 elinque
339 4090 530 4153 Perochietiu
560 4091 665 4153 munia
690 4089 868 4176 exercendo,
901 4091 1017 4156 trebites
1047 4088 1193 4176 reddidit,
