<?xml version="1.0" encoding="UTF-8"?>
<!DOCTYPE html PUBLIC "-//W3C//DTD XHTML 1.0 Transitional//EN"
    "http://www.w3.org/TR/xhtml1/DTD/xhtml1-transitional.dtd">
<html xmlns="http://www.w3.org/1999/xhtml" xml:lang="en" lang="en">
 <head>
  <title>
</title>
<meta http-equiv="Content-Type" content="text/html;charset=utf-8" />
  <meta name='ocr-system' content='tesseract 3.04.00' />
  <meta name='ocr-capabilities' content='ocr_page ocr_carea ocr_par ocr_line ocrx_word'/>
</head>
<body>
  <div class='ocr_page' id='page_1' title='image "./institutioncano00gomegoog_0114.png"; bbox 0 0 2938 4770; ppageno 0'>
   <div class='ocr_carea' id='block_1_1' title="bbox 653 561 1219 620">
    <p class='ocr_par' dir='ltr' id='par_1_1' title="bbox 653 561 1219 620">
     <span class='ocr_line' id='line_1_1' title="bbox 653 561 1219 620; baseline 0.012 -8"><span class='ocrx_word' id='word_1_1' title='bbox 653 571 879 615; x_wconf 67' lang='lat' dir='ltr'><strong>canonicarum</strong></span> <span class='ocrx_word' id='word_1_2' title='bbox 934 611 935 618; x_wconf 71' lang='grc'>,</span> <span class='ocrx_word' id='word_1_3' title='bbox 1154 561 1219 620; x_wconf 86' lang='lat' dir='ltr'><strong>toa</strong></span> 
     </span>
    </p>
   </div>
   <div class='ocr_carea' id='block_1_2' title="bbox 196 681 1341 4162">
    <p class='ocr_par' dir='ltr' id='par_1_2' title="bbox 248 681 1261 789">
     <span class='ocr_line' id='line_1_2' title="bbox 248 681 1261 789; baseline 0.004 -40"><span class='ocrx_word' id='word_1_4' title='bbox 248 687 442 772; x_wconf 56' lang='lat' dir='ltr'><strong>“sufragainco</strong></span> <span class='ocrx_word' id='word_1_5' title='bbox 470 681 614 767; x_wconf 80' lang='lat' dir='ltr'><strong>scapeia</strong></span> <span class='ocrx_word' id='word_1_6' title='bbox 630 685 656 746; x_wconf 86' lang='grc' dir='ltr'><strong>ιι1</strong></span> <span class='ocrx_word' id='word_1_7' title='bbox 685 685 935 789; x_wconf 73' lang='lat' dir='ltr'><strong>metropodtauo,</strong></span> <span class='ocrx_word' id='word_1_8' title='bbox 959 710 977 772; x_wconf 76' lang='lat' dir='ltr'>y</span> <span class='ocrx_word' id='word_1_9' title='bbox 998 689 1116 754; x_wconf 85' lang='lat' dir='ltr'><strong>deeste</strong></span> <span class='ocrx_word' id='word_1_10' title='bbox 1137 701 1205 752; x_wconf 88' lang='lat' dir='ltr'><strong>aute</strong></span> <span class='ocrx_word' id='word_1_11' title='bbox 1233 690 1261 753; x_wconf 88' lang='lat' dir='ltr'><strong>el</strong></span> 
     </span>
    </p>

    <p class='ocr_par' dir='ltr' id='par_1_3' title="bbox 213 773 1263 1394">
     <span class='ocr_line' id='line_1_3' title="bbox 260 773 1262 860; baseline 0.002 -20.098"><span class='ocrx_word' id='word_1_12' title='bbox 260 777 365 840; x_wconf 77' lang='lat' dir='ltr'><strong>Neron</strong></span> <span class='ocrx_word' id='word_1_13' title='bbox 328 777 441 840; x_wconf 78' lang='lat' dir='ltr'><strong>ecz&#39;ode</strong></span> <span class='ocrx_word' id='word_1_14' title='bbox 459 773 506 838; x_wconf 82' lang='lat' dir='ltr'><strong>Su</strong></span> <span class='ocrx_word' id='word_1_15' title='bbox 530 773 701 850; x_wconf 74' lang='lat' dir='ltr'><strong>Santz&#39;ci&#39;ad,</strong></span> <span class='ocrx_word' id='word_1_16' title='bbox 731 773 823 860; x_wconf 87' lang='lat' dir='ltr'><strong>quien</strong></span> <span class='ocrx_word' id='word_1_17' title='bbox 849 788 966 840; x_wconf 88' lang='lat' dir='ltr'><strong>comete</strong></span> <span class='ocrx_word' id='word_1_18' title='bbox 989 780 1014 840; x_wconf 82' lang='lat' dir='ltr'><strong>ci</strong></span> <span class='ocrx_word' id='word_1_19' title='bbox 1035 777 1262 842; x_wconf 88' lang='lat' dir='ltr'><strong>couceimicnto</strong></span> 
     </span>
     <span class='ocr_line' id='line_1_4' title="bbox 262 863 1261 952; baseline 0.004 -24"><span class='ocrx_word' id='word_1_20' title='bbox 262 866 342 928; x_wconf 86' lang='lat' dir='ltr'><strong>dela</strong></span> <span class='ocrx_word' id='word_1_21' title='bbox 362 885 449 934; x_wconf 87' lang='lat' dir='ltr'><strong>causa</strong></span> <span class='ocrx_word' id='word_1_22' title='bbox 474 867 489 927; x_wconf 78' lang='lat' dir='ltr'><strong>d</strong></span> <span class='ocrx_word' id='word_1_23' title='bbox 513 863 537 924; x_wconf 86' lang='lat' dir='ltr'><strong>ia</strong></span> <span class='ocrx_word' id='word_1_24' title='bbox 558 865 648 939; x_wconf 89' lang='lat' dir='ltr'><strong>Rota</strong></span> <span class='ocrx_word' id='word_1_25' title='bbox 665 884 679 922; x_wconf 82' lang='grc' dir='ltr'><strong>ι</strong></span> <span class='ocrx_word' id='word_1_26' title='bbox 697 885 774 926; x_wconf 79' lang='lat' dir='ltr'><strong>curo</strong></span> <span class='ocrx_word' id='word_1_27' title='bbox 794 863 890 930; x_wconf 79' lang='lat' dir='ltr'><strong>efecto</strong></span> <span class='ocrx_word' id='word_1_28' title='bbox 910 866 937 928; x_wconf 92' lang='lat' dir='ltr'><strong>cl</strong></span> <span class='ocrx_word' id='word_1_29' title='bbox 958 867 1096 950; x_wconf 87' lang='lat' dir='ltr'><strong>apeiante</strong></span> <span class='ocrx_word' id='word_1_30' title='bbox 1123 881 1261 952; x_wconf 79' lang='lat' dir='ltr'><strong>proseuta</strong></span> 
     </span>
     <span class='ocr_line' id='line_1_5' title="bbox 262 913 1263 1040; baseline 0.006 -24"><span class='ocrx_word' id='word_1_31' title='bbox 262 977 303 1018; x_wconf 95' lang='lat' dir='ltr'><strong>uu</strong></span> <span class='ocrx_word' id='word_1_32' title='bbox 323 955 433 1018; x_wconf 88' lang='lat' dir='ltr'><strong>escrito</strong></span> <span class='ocrx_word' id='word_1_33' title='bbox 452 954 480 1016; x_wconf 89' lang='lat' dir='ltr'><strong>al</strong></span> <span class='ocrx_word' id='word_1_34' title='bbox 493 951 616 1016; x_wconf 89' lang='lat' dir='ltr'><strong>Nuncio</strong></span> <span class='ocrx_word' id='word_1_35' title='bbox 634 913 671 1016; x_wconf 88' lang='lat' dir='ltr'><strong>de</strong></span> <span class='ocrx_word' id='word_1_36' title='bbox 687 955 726 1014; x_wconf 87' lang='lat' dir='ltr'><strong>Su</strong></span> <span class='ocrx_word' id='word_1_37' title='bbox 748 953 894 1026; x_wconf 85' lang='lat' dir='ltr'><strong>Santidad</strong></span> <span class='ocrx_word' id='word_1_38' title='bbox 912 976 948 1016; x_wconf 88' lang='lat' dir='ltr'><strong>en</strong></span> <span class='ocrx_word' id='word_1_39' title='bbox 966 958 1096 1039; x_wconf 78' lang='lat' dir='ltr'><strong>Espaiia,</strong></span> <span class='ocrx_word' id='word_1_40' title='bbox 1116 957 1263 1040; x_wconf 87' lang='lat' dir='ltr'><strong>pidiendo</strong></span> 
     </span>
     <span class='ocr_line' id='line_1_6' title="bbox 213 1043 1261 1123; baseline 0.004 -17"><span class='ocrx_word' id='word_1_41' title='bbox 213 1065 214 1070; x_wconf 50' lang='lat'>¹</span> <span class='ocrx_word' id='word_1_42' title='bbox 262 1067 293 1108; x_wconf 92' lang='lat' dir='ltr'><strong>se</strong></span> <span class='ocrx_word' id='word_1_43' title='bbox 314 1045 388 1106; x_wconf 88' lang='lat' dir='ltr'><strong>sirva</strong></span> <span class='ocrx_word' id='word_1_44' title='bbox 411 1043 583 1105; x_wconf 82' lang='lat' dir='ltr'><strong>cometerd</strong></span> <span class='ocrx_word' id='word_1_45' title='bbox 612 1046 637 1104; x_wconf 81' lang='lat' dir='ltr'><strong>ta</strong></span> <span class='ocrx_word' id='word_1_46' title='bbox 662 1044 751 1123; x_wconf 85' lang='lat' dir='ltr'><strong>Rota,</strong></span> <span class='ocrx_word' id='word_1_47' title='bbox 771 1043 797 1104; x_wconf 92' lang='lat' dir='ltr'><strong>el</strong></span> <span class='ocrx_word' id='word_1_48' title='bbox 819 1043 1047 1108; x_wconf 76' lang='lat' dir='ltr'><strong>coiacicimieuto</strong></span> <span class='ocrx_word' id='word_1_49' title='bbox 1064 1044 1102 1107; x_wconf 89' lang='lat' dir='ltr'><strong>de</strong></span> <span class='ocrx_word' id='word_1_50' title='bbox 1123 1046 1147 1108; x_wconf 84' lang='lat' dir='ltr'><strong>ia</strong></span> <span class='ocrx_word' id='word_1_51' title='bbox 1173 1069 1261 1110; x_wconf 88' lang='lat' dir='ltr'><strong>causa</strong></span> 
     </span>
     <span class='ocr_line' id='line_1_7' title="bbox 261 1131 1261 1222; baseline 0.004 -28"><span class='ocrx_word' id='word_1_52' title='bbox 261 1131 399 1218; x_wconf 84' lang='lat' dir='ltr'><strong>apeada,</strong></span> <span class='ocrx_word' id='word_1_53' title='bbox 423 1135 517 1213; x_wconf 72' lang='lat' dir='ltr'><strong>sagiin</strong></span> <span class='ocrx_word' id='word_1_54' title='bbox 543 1141 646 1193; x_wconf 90' lang='lat' dir='ltr'><strong>consta</strong></span> <span class='ocrx_word' id='word_1_55' title='bbox 665 1151 722 1214; x_wconf 89' lang='lat' dir='ltr'><strong>por</strong></span> <span class='ocrx_word' id='word_1_56' title='bbox 749 1134 793 1194; x_wconf 88' lang='lat' dir='ltr'><strong>ios</strong></span> <span class='ocrx_word' id='word_1_57' title='bbox 816 1141 902 1194; x_wconf 86' lang='lat' dir='ltr'><strong>autes</strong></span> <span class='ocrx_word' id='word_1_58' title='bbox 924 1133 1076 1197; x_wconf 89' lang='lat' dir='ltr'><strong>recibidos</strong></span> <span class='ocrx_word' id='word_1_59' title='bbox 1092 1133 1162 1210; x_wconf 83' lang='lat' dir='ltr'><strong>alti</strong></span> <span class='ocrx_word' id='word_1_60' title='bbox 1193 1156 1261 1222; x_wconf 90' lang='lat' dir='ltr'><strong>pnr-</strong></span> 
     </span>
     <span class='ocr_line' id='line_1_8' title="bbox 261 1218 1262 1312; baseline 0.003 -29"><span class='ocrx_word' id='word_1_61' title='bbox 261 1244 320 1307; x_wconf 85' lang='lat' dir='ltr'><strong>que</strong></span> <span class='ocrx_word' id='word_1_62' title='bbox 349 1218 410 1305; x_wconf 82' lang='lat' dir='ltr'><strong>huy</strong></span> <span class='ocrx_word' id='word_1_63' title='bbox 434 1242 477 1284; x_wconf 89' lang='lat' dir='ltr'><strong>no-</strong></span> <span class='ocrx_word' id='word_1_64' title='bbox 501 1241 532 1283; x_wconf 90' lang='lat' dir='ltr'><strong>se</strong></span> <span class='ocrx_word' id='word_1_65' title='bbox 561 1219 621 1282; x_wconf 93' lang='lat' dir='ltr'><strong>dan</strong></span> <span class='ocrx_word' id='word_1_66' title='bbox 650 1219 813 1300; x_wconf 71' lang='lat' dir='ltr'><strong>apostolos,</strong></span> <span class='ocrx_word' id='word_1_67' title='bbox 836 1221 904 1283; x_wconf 88' lang='lat' dir='ltr'><strong>sino</strong></span> <span class='ocrx_word' id='word_1_68' title='bbox 930 1244 991 1308; x_wconf 89' lang='lat' dir='ltr'><strong>quc</strong></span> <span class='ocrx_word' id='word_1_69' title='bbox 1018 1245 1049 1286; x_wconf 92' lang='lat' dir='ltr'><strong>se</strong></span> <span class='ocrx_word' id='word_1_70' title='bbox 1077 1223 1205 1312; x_wconf 83' lang='lat' dir='ltr'><strong>rcrrriten</strong></span> <span class='ocrx_word' id='word_1_71' title='bbox 1232 1223 1262 1286; x_wconf 86' lang='lat' dir='ltr'><strong>al</strong></span> 
     </span>
     <span class='ocr_line' id='line_1_9' title="bbox 261 1309 837 1394; baseline 0 -22"><span class='ocrx_word' id='word_1_72' title='bbox 261 1309 408 1373; x_wconf 82' lang='lat' dir='ltr'><strong>Tribunai</strong></span> <span class='ocrx_word' id='word_1_73' title='bbox 433 1309 575 1393; x_wconf 76' lang='lat' dir='ltr'><strong>superior</strong></span> <span class='ocrx_word' id='word_1_74' title='bbox 599 1309 642 1372; x_wconf 83' lang='lat' dir='ltr'><strong>ios</strong></span> <span class='ocrx_word' id='word_1_75' title='bbox 662 1309 837 1394; x_wconf 77' lang='lat' dir='ltr'><strong>originales.</strong></span> 
     </span>
    </p>

    <p class='ocr_par' dir='ltr' id='par_1_4' title="bbox 196 1396 1269 2288">
     <span class='ocr_line' id='line_1_10' title="bbox 308 1396 1260 1482; baseline 0.004 -22"><span class='ocrx_word' id='word_1_76' title='bbox 308 1399 362 1462; x_wconf 86' lang='lat' dir='ltr'><strong>«El</strong></span> <span class='ocrx_word' id='word_1_77' title='bbox 387 1397 516 1462; x_wconf 75' lang='lat' dir='ltr'>Auditor</span> <span class='ocrx_word' id='word_1_78' title='bbox 537 1396 584 1460; x_wconf 87' lang='lat' dir='ltr'><strong>del</strong></span> <span class='ocrx_word' id='word_1_79' title='bbox 606 1397 727 1462; x_wconf 92' lang='lat' dir='ltr'><strong>Nuncio</strong></span> <span class='ocrx_word' id='word_1_80' title='bbox 754 1396 864 1461; x_wconf 88' lang='lat' dir='ltr'><strong>manda</strong></span> <span class='ocrx_word' id='word_1_81' title='bbox 886 1420 943 1482; x_wconf 83' lang='lat' dir='ltr'><strong>por</strong></span> <span class='ocrx_word' id='word_1_82' title='bbox 970 1422 1010 1463; x_wconf 95' lang='lat' dir='ltr'><strong>un</strong></span> <span class='ocrx_word' id='word_1_83' title='bbox 1036 1399 1157 1464; x_wconf 87' lang='lat' dir='ltr'><strong>decreto</strong></span> <span class='ocrx_word' id='word_1_84' title='bbox 1178 1422 1260 1464; x_wconf 88' lang='lat' dir='ltr'><strong>mar·</strong></span> 
     </span>
     <span class='ocr_line' id='line_1_11' title="bbox 263 1487 1266 1574; baseline 0.005 -25"><span class='ocrx_word' id='word_1_85' title='bbox 263 1487 343 1574; x_wconf 79' lang='lat' dir='ltr'><strong>ginal</strong></span> <span class='ocrx_word' id='word_1_86' title='bbox 367 1509 426 1573; x_wconf 89' lang='lat' dir='ltr'><strong>quc</strong></span> <span class='ocrx_word' id='word_1_87' title='bbox 448 1509 539 1574; x_wconf 88' lang='lat' dir='ltr'><strong>pascu</strong></span> <span class='ocrx_word' id='word_1_88' title='bbox 569 1487 614 1550; x_wconf 85' lang='lat' dir='ltr'><strong>los</strong></span> <span class='ocrx_word' id='word_1_89' title='bbox 638 1497 725 1549; x_wconf 90' lang='lat' dir='ltr'><strong>autos</strong></span> <span class='ocrx_word' id='word_1_90' title='bbox 750 1487 778 1550; x_wconf 86' lang='lat' dir='ltr'><strong>ai</strong></span> <span class='ocrx_word' id='word_1_91' title='bbox 802 1487 993 1553; x_wconf 85' lang='lat' dir='ltr'><strong>abreviador</strong></span> <span class='ocrx_word' id='word_1_92' title='bbox 1026 1493 1094 1554; x_wconf 89' lang='lat' dir='ltr'><strong>Este</strong></span> <span class='ocrx_word' id='word_1_93' title='bbox 1129 1490 1266 1557; x_wconf 76' lang='lat' dir='ltr'><strong>estiende</strong></span> 
     </span>
     <span class='ocr_line' id='line_1_12' title="bbox 264 1575 1265 1660; baseline 0.003 -21"><span class='ocrx_word' id='word_1_94' title='bbox 264 1597 305 1642; x_wconf 90' lang='lat' dir='ltr'><strong>un</strong></span> <span class='ocrx_word' id='word_1_95' title='bbox 329 1577 446 1657; x_wconf 79' lang='lat' dir='ltr'><strong>boleto,</strong></span> <span class='ocrx_word' id='word_1_96' title='bbox 472 1575 574 1640; x_wconf 89' lang='lat' dir='ltr'><strong>dando</strong></span> <span class='ocrx_word' id='word_1_97' title='bbox 604 1575 753 1640; x_wconf 83' lang='lat' dir='ltr'><strong>comisidn</strong></span> <span class='ocrx_word' id='word_1_98' title='bbox 776 1580 794 1640; x_wconf 81' lang='lat' dir='ltr'><strong>a</strong></span> <span class='ocrx_word' id='word_1_99' title='bbox 814 1599 854 1639; x_wconf 88' lang='lat' dir='ltr'><strong>un</strong></span> <span class='ocrx_word' id='word_1_100' title='bbox 878 1577 1000 1641; x_wconf 90' lang='lat' dir='ltr'><strong>auditor</strong></span> <span class='ocrx_word' id='word_1_101' title='bbox 1030 1599 1101 1660; x_wconf 88' lang='lat' dir='ltr'><strong>para</strong></span> <span class='ocrx_word' id='word_1_102' title='bbox 1133 1601 1265 1644; x_wconf 88' lang='lat' dir='ltr'><strong>conocer</strong></span> 
     </span>
     <span class='ocr_line' id='line_1_13' title="bbox 262 1665 1263 1753; baseline 0.002 -25"><span class='ocrx_word' id='word_1_103' title='bbox 262 1666 312 1730; x_wconf 83' lang='lat' dir='ltr'><strong>del</strong></span> <span class='ocrx_word' id='word_1_104' title='bbox 335 1679 446 1746; x_wconf 85' lang='lat' dir='ltr'><strong>asunto</strong></span> <span class='ocrx_word' id='word_1_105' title='bbox 467 1687 556 1729; x_wconf 89' lang='lat' dir='ltr'><strong>ccmo</strong></span> <span class='ocrx_word' id='word_1_106' title='bbox 571 1675 717 1748; x_wconf 82' lang='lat' dir='ltr'><strong>ponente.</strong></span> <span class='ocrx_word' id='word_1_107' title='bbox 743 1669 835 1730; x_wconf 88' lang='lat' dir='ltr'><strong>Otros</strong></span> <span class='ocrx_word' id='word_1_108' title='bbox 858 1666 913 1729; x_wconf 92' lang='lat' dir='ltr'><strong>dos</strong></span> <span class='ocrx_word' id='word_1_109' title='bbox 937 1665 1103 1746; x_wconf 77' lang='lat' dir='ltr'><strong>ariditores‚</strong></span> <span class='ocrx_word' id='word_1_110' title='bbox 1128 1691 1187 1753; x_wconf 88' lang='lat' dir='ltr'><strong>que</strong></span> <span class='ocrx_word' id='word_1_111' title='bbox 1202 1669 1263 1732; x_wconf 91' lang='lat' dir='ltr'><strong>for·</strong></span> 
     </span>
     <span class='ocr_line' id='line_1_14' title="bbox 263 1755 1265 1842; baseline 0.003 -23"><span class='ocrx_word' id='word_1_112' title='bbox 263 1779 333 1820; x_wconf 90' lang='lat' dir='ltr'><strong>man</strong></span> <span class='ocrx_word' id='word_1_113' title='bbox 358 1755 385 1820; x_wconf 89' lang='lat' dir='ltr'><strong>el</strong></span> <span class='ocrx_word' id='word_1_114' title='bbox 411 1767 514 1836; x_wconf 78' lang='lat' dir='ltr'><strong>turno,</strong></span> <span class='ocrx_word' id='word_1_115' title='bbox 540 1777 571 1818; x_wconf 91' lang='lat' dir='ltr'><strong>se</strong></span> <span class='ocrx_word' id='word_1_116' title='bbox 595 1755 706 1816; x_wconf 87' lang='lat' dir='ltr'><strong>liaman</strong></span> <span class='ocrx_word' id='word_1_117' title='bbox 732 1758 988 1838; x_wconf 81' lang='lat' dir='ltr'><strong>corresponsales.</strong></span> <span class='ocrx_word' id='word_1_118' title='bbox 1016 1759 1048 1818; x_wconf 83' lang='lat' dir='ltr'><strong>ut</strong></span> <span class='ocrx_word' id='word_1_119' title='bbox 1075 1758 1265 1842; x_wconf 88' lang='lat' dir='ltr'><strong>procurador</strong></span> 
     </span>
     <span class='ocr_line' id='line_1_15' title="bbox 196 1843 1266 1933; baseline 0.002 -25"><span class='ocrx_word' id='word_1_120' title='bbox 196 1915 201 1924; x_wconf 22' lang='lat'><strong><em>⁴</em></strong></span> <span class='ocrx_word' id='word_1_121' title='bbox 264 1867 371 1931; x_wconf 75' lang='lat' dir='ltr'><strong>reeoge</strong></span> <span class='ocrx_word' id='word_1_122' title='bbox 391 1845 417 1908; x_wconf 90' lang='lat' dir='ltr'><strong>el</strong></span> <span class='ocrx_word' id='word_1_123' title='bbox 441 1844 542 1924; x_wconf 85' lang='lat' dir='ltr'><strong>breve,</strong></span> <span class='ocrx_word' id='word_1_124' title='bbox 567 1843 697 1906; x_wconf 85' lang='lat' dir='ltr'><strong>[irmado</strong></span> <span class='ocrx_word' id='word_1_125' title='bbox 722 1867 778 1929; x_wconf 90' lang='lat' dir='ltr'><strong>por</strong></span> <span class='ocrx_word' id='word_1_126' title='bbox 803 1847 830 1908; x_wconf 87' lang='lat' dir='ltr'><strong>el</strong></span> <span class='ocrx_word' id='word_1_127' title='bbox 853 1845 974 1910; x_wconf 88' lang='lat' dir='ltr'><strong>Nuncio</strong></span> <span class='ocrx_word' id='word_1_128' title='bbox 999 1849 1016 1908; x_wconf 84' lang='grc' dir='ltr'>ὁ</span> <span class='ocrx_word' id='word_1_129' title='bbox 1045 1867 1079 1908; x_wconf 89' lang='lat' dir='ltr'><strong>su</strong></span> <span class='ocrx_word' id='word_1_130' title='bbox 1104 1868 1216 1926; x_wconf 84' lang='lat' dir='ltr'><strong>ascsor,</strong></span> <span class='ocrx_word' id='word_1_131' title='bbox 1243 1870 1266 1933; x_wconf 72' lang='lat' dir='ltr'><strong>p</strong></span> 
     </span>
     <span class='ocr_line' id='line_1_16' title="bbox 264 1931 1267 2020; baseline 0.001 -21"><span class='ocrx_word' id='word_1_132' title='bbox 264 1937 292 1999; x_wconf 79' lang='lat' dir='ltr'><strong>ie</strong></span> <span class='ocrx_word' id='word_1_133' title='bbox 316 1945 453 2020; x_wconf 79' lang='lat' dir='ltr'><strong>presente</strong></span> <span class='ocrx_word' id='word_1_134' title='bbox 477 1931 504 1996; x_wconf 85' lang='lat' dir='ltr'><strong>al</strong></span> <span class='ocrx_word' id='word_1_135' title='bbox 525 1931 647 1996; x_wconf 88' lang='lat' dir='ltr'><strong>auditor</strong></span> <span class='ocrx_word' id='word_1_136' title='bbox 674 1949 815 2016; x_wconf 84' lang='lat' dir='ltr'><strong>poucnte,</strong></span> <span class='ocrx_word' id='word_1_137' title='bbox 840 1935 932 2018; x_wconf 83' lang='lat' dir='ltr'><strong>quien</strong></span> <span class='ocrx_word' id='word_1_138' title='bbox 958 1935 1047 1997; x_wconf 84' lang='lat' dir='ltr'><strong>iirma</strong></span> <span class='ocrx_word' id='word_1_139' title='bbox 1079 1936 1105 1999; x_wconf 91' lang='lat' dir='ltr'><strong>el</strong></span> <span class='ocrx_word' id='word_1_140' title='bbox 1138 1947 1209 1998; x_wconf 91' lang='lat' dir='ltr'><strong>auto</strong></span> <span class='ocrx_word' id='word_1_141' title='bbox 1229 1935 1267 2000; x_wconf 91' lang='lat' dir='ltr'><strong>de</strong></span> 
     </span>
     <span class='ocr_line' id='line_1_17' title="bbox 266 2021 1269 2108; baseline 0.002 -22"><span class='ocrx_word' id='word_1_142' title='bbox 266 2023 453 2108; x_wconf 76' lang='lat' dir='ltr'><strong>aceptaciou,</strong></span> <span class='ocrx_word' id='word_1_143' title='bbox 495 2021 670 2086; x_wconf 88' lang='lat' dir='ltr'><strong>mandando</strong></span> <span class='ocrx_word' id='word_1_144' title='bbox 698 2045 728 2086; x_wconf 92' lang='lat' dir='ltr'><strong>se</strong></span> <span class='ocrx_word' id='word_1_145' title='bbox 754 2025 848 2086; x_wconf 79' lang='lat' dir='ltr'><strong>uua-a</strong></span> <span class='ocrx_word' id='word_1_146' title='bbox 877 2023 922 2088; x_wconf 83' lang='lat' dir='ltr'><strong>ios</strong></span> <span class='ocrx_word' id='word_1_147' title='bbox 952 2035 1039 2087; x_wconf 89' lang='lat' dir='ltr'><strong>autos</strong></span> <span class='ocrx_word' id='word_1_148' title='bbox 1067 2024 1104 2088; x_wconf 84' lang='lat' dir='ltr'><strong>dc</strong></span> <span class='ocrx_word' id='word_1_149' title='bbox 1128 2047 1161 2088; x_wconf 88' lang='lat' dir='ltr'><strong>su</strong></span> <span class='ocrx_word' id='word_1_150' title='bbox 1190 2025 1269 2088; x_wconf 83' lang='lat' dir='ltr'><strong>reie-</strong></span> 
     </span>
     <span class='ocr_line' id='line_1_18' title="bbox 267 2108 1268 2198; baseline 0 -22"><span class='ocrx_word' id='word_1_151' title='bbox 267 2115 380 2177; x_wconf 90' lang='lat' dir='ltr'><strong>reneia.</strong></span> <span class='ocrx_word' id='word_1_152' title='bbox 407 2116 449 2176; x_wconf 86' lang='lat' dir='ltr'><strong>En</strong></span> <span class='ocrx_word' id='word_1_153' title='bbox 473 2113 498 2175; x_wconf 88' lang='grc' dir='ltr'><strong>Ιιι</strong></span> <span class='ocrx_word' id='word_1_154' title='bbox 519 2111 712 2196; x_wconf 73' lang='lat' dir='ltr'><strong>desiguacidn</strong></span> <span class='ocrx_word' id='word_1_155' title='bbox 738 2111 776 2174; x_wconf 91' lang='lat' dir='ltr'><strong>de</strong></span> <span class='ocrx_word' id='word_1_156' title='bbox 799 2127 931 2197; x_wconf 91' lang='lat' dir='ltr'><strong>ponente</strong></span> <span class='ocrx_word' id='word_1_157' title='bbox 955 2108 1094 2198; x_wconf 71' lang='lat' dir='ltr'><strong>se&#39;sipuc</strong></span> <span class='ocrx_word' id='word_1_158' title='bbox 1112 2125 1205 2178; x_wconf 89' lang='lat' dir='ltr'><strong>turno</strong></span> <span class='ocrx_word' id='word_1_159' title='bbox 1228 2117 1268 2176; x_wconf 89' lang='lat' dir='ltr'><strong>ri·</strong></span> 
     </span>
     <span class='ocr_line' id='line_1_19' title="bbox 268 2202 795 2288; baseline -0.002 -24"><span class='ocrx_word' id='word_1_160' title='bbox 268 2223 418 2288; x_wconf 75' lang='lat' dir='ltr'><strong>guroso.»</strong></span> <span class='ocrx_word' id='word_1_161' title='bbox 444 2203 572 2280; x_wconf 84' lang='lat' dir='ltr'><strong>Salauar,</strong></span> <span class='ocrx_word' id='word_1_162' title='bbox 594 2202 722 2264; x_wconf 80' lang='lat' dir='ltr'><strong>Leccidn</strong></span> <span class='ocrx_word' id='word_1_163' title='bbox 740 2203 795 2264; x_wconf 74' lang='lat' dir='ltr'><strong>to.</strong></span> 
     </span>
    </p>

    <p class='ocr_par' dir='ltr' id='par_1_5' title="bbox 284 2289 1270 2392">
     <span class='ocr_line' id='line_1_20' title="bbox 284 2289 1270 2392; baseline 0.001 -39"><span class='ocrx_word' id='word_1_164' title='bbox 284 2336 297 2346; x_wconf 67' lang='lat'>„</span> <span class='ocrx_word' id='word_1_165' title='bbox 311 2290 396 2354; x_wconf 90' lang='lat' dir='ltr'><strong>Unde</strong></span> <span class='ocrx_word' id='word_1_166' title='bbox 416 2292 506 2353; x_wconf 85' lang='lat' dir='ltr'><strong>nuiiae</strong></span> <span class='ocrx_word' id='word_1_167' title='bbox 526 2304 595 2352; x_wconf 87' lang='lat' dir='ltr'><strong>sunt</strong></span> <span class='ocrx_word' id='word_1_168' title='bbox 619 2289 839 2392; x_wconf 80' lang='lat' dir='ltr'><strong>appellationes</strong></span> <span class='ocrx_word' id='word_1_169' title='bbox 862 2290 900 2352; x_wconf 89' lang='lat' dir='ltr'><strong>ad</strong></span> <span class='ocrx_word' id='word_1_170' title='bbox 921 2294 1046 2370; x_wconf 87' lang='lat' dir='ltr'><strong>Rotam;</strong></span> <span class='ocrx_word' id='word_1_171' title='bbox 1073 2291 1138 2356; x_wconf 85' lang='lat' dir='ltr'><strong>[ieri</strong></span> <span class='ocrx_word' id='word_1_172' title='bbox 1156 2291 1270 2356; x_wconf 86' lang='lat' dir='ltr'><strong>debent</strong></span> 
     </span>
    </p>

    <p class='ocr_par' dir='ltr' id='par_1_6' title="bbox 260 2379 1313 3068">
     <span class='ocr_line' id='line_1_21' title="bbox 267 2379 1269 2466; baseline -0.002 -21.961"><span class='ocrx_word' id='word_1_173' title='bbox 267 2381 304 2444; x_wconf 95' lang='lat' dir='ltr'><strong>d</strong></span> <span class='ocrx_word' id='word_1_174' title='bbox 324 2379 487 2442; x_wconf 84' lang='lat' dir='ltr'><strong>Nuntium</strong></span> <span class='ocrx_word' id='word_1_175' title='bbox 512 2379 589 2442; x_wconf 85' lang='lat' dir='ltr'><strong>Rota</strong></span> <span class='ocrx_word' id='word_1_176' title='bbox 610 2401 670 2442; x_wconf 92' lang='lat' dir='ltr'><strong>uon</strong></span> <span class='ocrx_word' id='word_1_177' title='bbox 694 2380 791 2442; x_wconf 77' lang='lat' dir='ltr'><strong>existit</strong></span> <span class='ocrx_word' id='word_1_178' title='bbox 811 2381 868 2443; x_wconf 89' lang='lat' dir='ltr'><strong>nisi</strong></span> <span class='ocrx_word' id='word_1_179' title='bbox 890 2382 1053 2443; x_wconf 89' lang='lat' dir='ltr'><strong>constituta</strong></span> <span class='ocrx_word' id='word_1_180' title='bbox 1077 2381 1108 2444; x_wconf 93' lang='lat' dir='ltr'><strong>in</strong></span> <span class='ocrx_word' id='word_1_181' title='bbox 1129 2380 1269 2466; x_wconf 90' lang='lat' dir='ltr'><strong>quolibet</strong></span> 
     </span>
     <span class='ocr_line' id='line_1_22' title="bbox 267 2467 1268 2560; baseline 0.003 -28"><span class='ocrx_word' id='word_1_182' title='bbox 267 2469 443 2555; x_wconf 75' lang='lat' dir='ltr'><strong>particulari</strong></span> <span class='ocrx_word' id='word_1_183' title='bbox 470 2490 539 2532; x_wconf 92' lang='lat' dir='ltr'><strong>casu</strong></span> <span class='ocrx_word' id='word_1_184' title='bbox 561 2492 577 2530; x_wconf 93' lang='lat' dir='ltr'><strong>a</strong></span> <span class='ocrx_word' id='word_1_185' title='bbox 599 2468 722 2550; x_wconf 85' lang='lat' dir='ltr'><strong>Nuntio,</strong></span> <span class='ocrx_word' id='word_1_186' title='bbox 746 2467 923 2560; x_wconf 77' lang='lat' dir='ltr'><strong>designante</strong></span> <span class='ocrx_word' id='word_1_187' title='bbox 949 2491 1095 2554; x_wconf 84' lang='lat' dir='ltr'><strong>personas</strong></span> <span class='ocrx_word' id='word_1_188' title='bbox 1116 2469 1268 2535; x_wconf 87' lang='lat' dir='ltr'><strong>Tribunal</strong></span> 
     </span>
     <span class='ocr_line' id='line_1_23' title="bbox 266 2557 1268 2660; baseline 0.001 -38"><span class='ocrx_word' id='word_1_189' title='bbox 266 2567 486 2660; x_wconf 81' lang='lat' dir='ltr'><strong>componentes</strong></span> <span class='ocrx_word' id='word_1_190' title='bbox 513 2557 542 2620; x_wconf 94' lang='lat' dir='ltr'><strong>in</strong></span> <span class='ocrx_word' id='word_1_191' title='bbox 564 2579 761 2644; x_wconf 86' lang='lat' dir='ltr'><strong>quocumque</strong></span> <span class='ocrx_word' id='word_1_192' title='bbox 787 2581 857 2620; x_wconf 88' lang='lat' dir='ltr'><strong>casu</strong></span> <span class='ocrx_word' id='word_1_193' title='bbox 883 2562 1088 2623; x_wconf 89' lang='lat' dir='ltr'><strong>contentioso.</strong></span> <span class='ocrx_word' id='word_1_194' title='bbox 1114 2559 1170 2622; x_wconf 86' lang='lat' dir='ltr'><strong>Vei</strong></span> <span class='ocrx_word' id='word_1_195' title='bbox 1202 2581 1268 2623; x_wconf 90' lang='lat' dir='ltr'><strong>rem</strong></span> 
     </span>
     <span class='ocr_line' id='line_1_24' title="bbox 268 2647 1268 2736; baseline 0.001 -25"><span class='ocrx_word' id='word_1_196' title='bbox 268 2648 433 2712; x_wconf 79' lang='lat' dir='ltr'><strong>ciiuunittit</strong></span> <span class='ocrx_word' id='word_1_197' title='bbox 447 2647 578 2712; x_wconf 87' lang='lat' dir='ltr'><strong>Nuntius</strong></span> <span class='ocrx_word' id='word_1_198' title='bbox 591 2647 688 2734; x_wconf 85' lang='lat' dir='ltr'><strong>judici</strong></span> <span class='ocrx_word' id='word_1_199' title='bbox 709 2669 760 2711; x_wconf 87' lang='lat' dir='ltr'><strong>seu</strong></span> <span class='ocrx_word' id='word_1_200' title='bbox 781 2648 989 2736; x_wconf 82' lang='lat' dir='ltr'><strong>pro-judici</strong></span> <span class='ocrx_word' id='word_1_201' title='bbox 964 2648 1116 2715; x_wconf 87' lang='lat' dir='ltr'><strong>srnodali</strong></span> <span class='ocrx_word' id='word_1_202' title='bbox 1140 2647 1188 2712; x_wconf 83' lang='lat' dir='ltr'><strong>Ab</strong></span> <span class='ocrx_word' id='word_1_203' title='bbox 1210 2671 1268 2712; x_wconf 88' lang='lat' dir='ltr'><strong>una</strong></span> 
     </span>
     <span class='ocr_line' id='line_1_25' title="bbox 268 2733 1281 2824; baseline 0 -22"><span class='ocrx_word' id='word_1_204' title='bbox 268 2741 355 2802; x_wconf 85' lang='lat' dir='ltr'><strong>Rotae</strong></span> <span class='ocrx_word' id='word_1_205' title='bbox 383 2737 528 2800; x_wconf 85' lang='lat' dir='ltr'><strong>sententia</strong></span> <span class='ocrx_word' id='word_1_206' title='bbox 565 2735 712 2822; x_wconf 87' lang='lat' dir='ltr'><strong>appellari</strong></span> <span class='ocrx_word' id='word_1_207' title='bbox 747 2749 858 2822; x_wconf 81' lang='lat' dir='ltr'><strong>potest,</strong></span> <span class='ocrx_word' id='word_1_208' title='bbox 888 2741 912 2802; x_wconf 92' lang='lat' dir='ltr'><strong>si</strong></span> <span class='ocrx_word' id='word_1_209' title='bbox 950 2739 1059 2824; x_wconf 86' lang='lat' dir='ltr'><strong>piacet,</strong></span> <span class='ocrx_word' id='word_1_210' title='bbox 1094 2737 1196 2802; x_wconf 86' lang='lat' dir='ltr'><strong>denno</strong></span> <span class='ocrx_word' id='word_1_211' title='bbox 1231 2733 1281 2802; x_wconf 79' lang='lat' dir='ltr'><strong>ad&#39;</strong></span> 
     </span>
     <span class='ocr_line' id='line_1_26' title="bbox 270 2825 1313 2891; baseline -0.003 0"><span class='ocrx_word' id='word_1_212' title='bbox 270 2828 433 2891; x_wconf 89' lang='lat' dir='ltr'><strong>Nuntium</strong></span> <span class='ocrx_word' id='word_1_213' title='bbox 1309 2825 1313 2834; x_wconf 86' lang='lat'>&#39;</span> 
     </span>
     <span class='ocr_line' id='line_1_27' title="bbox 260 2913 1270 3002; baseline 0.005 -26"><span class='ocrx_word' id='word_1_214' title='bbox 260 2973 261 2976; x_wconf 74' lang='grc'>,</span> <span class='ocrx_word' id='word_1_215' title='bbox 315 2919 348 2979; x_wconf 86' lang='lat' dir='ltr'><strong>ln</strong></span> <span class='ocrx_word' id='word_1_216' title='bbox 383 2913 588 2978; x_wconf 84' lang='lat' dir='ltr'><strong>castrensibus</strong></span> <span class='ocrx_word' id='word_1_217' title='bbox 622 2915 834 2999; x_wconf 78' lang='lat' dir='ltr'><strong>appellatur</strong></span> <span class='ocrx_word' id='word_1_218' title='bbox 824 2937 840 2977; x_wconf 88' lang='lat' dir='ltr'><strong>a</strong></span> <span class='ocrx_word' id='word_1_219' title='bbox 867 2915 1076 3002; x_wconf 76' lang='lat' dir='ltr'><strong>Subdelegatis</strong></span> <span class='ocrx_word' id='word_1_220' title='bbox 1106 2917 1142 2980; x_wconf 91' lang='lat' dir='ltr'><strong>ad</strong></span> <span class='ocrx_word' id='word_1_221' title='bbox 1179 2919 1270 2982; x_wconf 90' lang='lat' dir='ltr'>Nun-</span> 
     </span>
     <span class='ocr_line' id='line_1_28' title="bbox 271 3001 904 3084; baseline -0.005 -16"><span class='ocrx_word' id='word_1_222' title='bbox 271 3006 362 3084; x_wconf 88' lang='lat' dir='ltr'><strong>tium</strong></span> <span class='ocrx_word' id='word_1_223' title='bbox 387 3026 446 3068; x_wconf 92' lang='lat' dir='ltr'><strong>non</strong></span> <span class='ocrx_word' id='word_1_224' title='bbox 469 3001 506 3066; x_wconf 93' lang='lat' dir='ltr'><strong>ad</strong></span> <span class='ocrx_word' id='word_1_225' title='bbox 526 3003 689 3066; x_wconf 84' lang='lat' dir='ltr'><strong>Vicarium</strong></span> <span class='ocrx_word' id='word_1_226' title='bbox 710 3007 904 3066; x_wconf 77' lang='lat' dir='ltr'><strong>Generatem.</strong></span> 
     </span>
    </p>

    <p class='ocr_par' dir='ltr' id='par_1_7' title="bbox 272 3075 1341 3336">
     <span class='ocr_line' id='line_1_29' title="bbox 316 3075 1338 3178; baseline 0.001 -21"><span class='ocrx_word' id='word_1_227' title='bbox 316 3098 349 3158; x_wconf 86' lang='lat' dir='ltr'><strong>in</strong></span> <span class='ocrx_word' id='word_1_228' title='bbox 375 3092 632 3156; x_wconf 78' lang='lat' dir='ltr'><strong>condemnatione</strong></span> <span class='ocrx_word' id='word_1_229' title='bbox 655 3092 725 3156; x_wconf 86' lang='lat' dir='ltr'><strong>iibri</strong></span> <span class='ocrx_word' id='word_1_230' title='bbox 748 3114 799 3154; x_wconf 88' lang='lat' dir='ltr'><strong>seu</strong></span> <span class='ocrx_word' id='word_1_231' title='bbox 827 3091 974 3156; x_wconf 79' lang='lat' dir='ltr'><strong>doctrinae.</strong></span> <span class='ocrx_word' id='word_1_232' title='bbox 993 3115 1048 3178; x_wconf 90' lang='lat' dir='ltr'><strong>per</strong></span> <span class='ocrx_word' id='word_1_233' title='bbox 1068 3075 1268 3159; x_wconf 88' lang='lat' dir='ltr'><strong>Ordiuarium</strong></span> <span class='ocrx_word' id='word_1_234' title='bbox 1335 3171 1338 3178; x_wconf 26' lang='grc' dir='ltr'>Ι</span> 
     </span>
     <span class='ocr_line' id='line_1_30' title="bbox 272 3180 1341 3286; baseline 0.002 -40"><span class='ocrx_word' id='word_1_235' title='bbox 272 3185 362 3266; x_wconf 85' lang='lat' dir='ltr'><strong>iacta,</strong></span> <span class='ocrx_word' id='word_1_236' title='bbox 394 3205 454 3246; x_wconf 94' lang='lat' dir='ltr'><strong>non</strong></span> <span class='ocrx_word' id='word_1_237' title='bbox 480 3180 651 3286; x_wconf 84' lang='lat' dir='ltr'><strong>appellatur</strong></span> <span class='ocrx_word' id='word_1_238' title='bbox 676 3180 713 3244; x_wconf 88' lang='lat' dir='ltr'><strong>ad</strong></span> <span class='ocrx_word' id='word_1_239' title='bbox 741 3183 891 3247; x_wconf 88' lang='lat' dir='ltr'><strong>Nuntium</strong></span> <span class='ocrx_word' id='word_1_240' title='bbox 921 3182 972 3246; x_wconf 90' lang='lat' dir='ltr'><strong>scd</strong></span> <span class='ocrx_word' id='word_1_241' title='bbox 999 3183 1036 3246; x_wconf 90' lang='lat' dir='ltr'><strong>ad</strong></span> <span class='ocrx_word' id='word_1_242' title='bbox 1062 3187 1154 3248; x_wconf 82' lang='lat' dir='ltr'><strong>Rom</strong></span> <span class='ocrx_word' id='word_1_243' title='bbox 1184 3188 1268 3248; x_wconf 88' lang='lat' dir='ltr'><strong>Pun-</strong></span> <span class='ocrx_word' id='word_1_244' title='bbox 1319 3211 1341 3234; x_wconf 56' lang='lat' dir='ltr'>w</span> 
     </span>
     <span class='ocr_line' id='line_1_31' title="bbox 272 3235 398 3338; baseline -0.009 -3"><span class='ocrx_word' id='word_1_245' title='bbox 272 3235 398 3338; x_wconf 86' lang='lat' dir='ltr'><strong>tificeiu</strong></span> 
     </span>
    </p>

    <p class='ocr_par' dir='ltr' id='par_1_8' title="bbox 277 3361 1268 3537">
     <span class='ocr_line' id='line_1_32' title="bbox 317 3361 1268 3448; baseline 0.002 -24.002"><span class='ocrx_word' id='word_1_246' title='bbox 317 3364 350 3424; x_wconf 87' lang='lat' dir='ltr'><strong>Iu</strong></span> <span class='ocrx_word' id='word_1_247' title='bbox 371 3361 558 3445; x_wconf 88' lang='lat' dir='ltr'><strong>Philippinis</strong></span> <span class='ocrx_word' id='word_1_248' title='bbox 569 3381 675 3424; x_wconf 90' lang='lat' dir='ltr'><strong>omnes</strong></span> <span class='ocrx_word' id='word_1_249' title='bbox 686 3379 782 3423; x_wconf 79' lang='lat' dir='ltr'><strong>causae</strong></span> <span class='ocrx_word' id='word_1_250' title='bbox 793 3361 967 3446; x_wconf 74' lang='lat' dir='ltr'><strong>judiciales,</strong></span> <span class='ocrx_word' id='word_1_251' title='bbox 980 3362 1069 3424; x_wconf 91' lang='lat' dir='ltr'><strong>etiam</strong></span> <span class='ocrx_word' id='word_1_252' title='bbox 1088 3372 1268 3448; x_wconf 85' lang='lat' dir='ltr'><strong>castrenses,</strong></span> 
     </span>
     <span class='ocr_line' id='line_1_33' title="bbox 277 3449 1262 3537; baseline 0.002 -21"><span class='ocrx_word' id='word_1_253' title='bbox 277 3451 481 3516; x_wconf 84' lang='lat' dir='ltr'><strong>terminantur</strong></span> <span class='ocrx_word' id='word_1_254' title='bbox 501 3449 530 3511; x_wconf 94' lang='lat' dir='ltr'><strong>in</strong></span> <span class='ocrx_word' id='word_1_255' title='bbox 550 3449 597 3513; x_wconf 90' lang='lat' dir='ltr'><strong>his</strong></span> <span class='ocrx_word' id='word_1_256' title='bbox 613 3450 733 3527; x_wconf 75' lang='lat' dir='ltr'><strong>insutis,</strong></span> <span class='ocrx_word' id='word_1_257' title='bbox 755 3450 840 3536; x_wconf 88' lang='lat' dir='ltr'><strong>quod</strong></span> <span class='ocrx_word' id='word_1_258' title='bbox 865 3451 1112 3537; x_wconf 85' lang='lat' dir='ltr'><strong>exsequentibus</strong></span> <span class='ocrx_word' id='word_1_259' title='bbox 1132 3462 1262 3518; x_wconf 89' lang='lat' dir='ltr'><strong>constat.</strong></span> 
     </span>
    </p>

    <p class='ocr_par' dir='ltr' id='par_1_9' title="bbox 271 3540 846 3714">
     <span class='ocr_line' id='line_1_34' title="bbox 319 3540 709 3625; baseline -0.005 -23"><span class='ocrx_word' id='word_1_260' title='bbox 319 3540 503 3625; x_wconf 73' lang='lat' dir='ltr'><strong>«Gregorius</strong></span> <span class='ocrx_word' id='word_1_261' title='bbox 524 3542 603 3624; x_wconf 92' lang='lat' dir='ltr'><strong>Papa</strong></span> <span class='ocrx_word' id='word_1_262' title='bbox 626 3541 709 3619; x_wconf 85' lang='grc' dir='ltr'>ΧΙΙΙ,</span> 
     </span>
     <span class='ocr_line' id='line_1_35' title="bbox 271 3626 846 3714; baseline -0.003 -21"><span class='ocrx_word' id='word_1_263' title='bbox 271 3629 308 3694; x_wconf 90' lang='lat' dir='ltr'><strong>ad</strong></span> <span class='ocrx_word' id='word_1_264' title='bbox 335 3639 511 3714; x_wconf 88' lang='lat' dir='ltr'><strong>perpetuam</strong></span> <span class='ocrx_word' id='word_1_265' title='bbox 536 3629 577 3692; x_wconf 88' lang='lat' dir='ltr'><strong>rei</strong></span> <span class='ocrx_word' id='word_1_266' title='bbox 600 3629 796 3693; x_wconf 83' lang='lat' dir='ltr'><strong>memoriam.</strong></span> <span class='ocrx_word' id='word_1_267' title='bbox 845 3626 846 3629; x_wconf 60' lang='grc'>’</span> 
     </span>
    </p>

    <p class='ocr_par' dir='ltr' id='par_1_10' title="bbox 271 3716 1286 4069">
     <span class='ocr_line' id='line_1_36' title="bbox 318 3716 1270 3802; baseline 0.003 -24"><span class='ocrx_word' id='word_1_268' title='bbox 318 3717 483 3801; x_wconf 79' lang='lat' dir='ltr'><strong>«Exposuit</strong></span> <span class='ocrx_word' id='word_1_269' title='bbox 507 3716 645 3780; x_wconf 90' lang='lat' dir='ltr'><strong>debitum</strong></span> <span class='ocrx_word' id='word_1_270' title='bbox 673 3717 833 3801; x_wconf 82' lang='lat' dir='ltr'><strong>pastoralis</strong></span> <span class='ocrx_word' id='word_1_271' title='bbox 861 3717 966 3795; x_wconf 77' lang='lat' dir='ltr'><strong>officii,</strong></span> <span class='ocrx_word' id='word_1_272' title='bbox 994 3719 1058 3800; x_wconf 81' lang='lat' dir='ltr'><strong>cui,</strong></span> <span class='ocrx_word' id='word_1_273' title='bbox 1087 3717 1270 3802; x_wconf 86' lang='lat' dir='ltr'><strong>disponente</strong></span> 
     </span>
     <span class='ocr_line' id='line_1_37' title="bbox 271 3807 1286 3893; baseline 0 -23"><span class='ocrx_word' id='word_1_274' title='bbox 271 3807 418 3883; x_wconf 86' lang='lat' dir='ltr'><strong>Domino,</strong></span> <span class='ocrx_word' id='word_1_275' title='bbox 442 3807 707 3890; x_wconf 83' lang='lat' dir='ltr'><strong>prorideiuus.·ut</strong></span> <span class='ocrx_word' id='word_1_276' title='bbox 733 3808 834 3871; x_wconf 91' lang='lat' dir='ltr'><strong>litium</strong></span> <span class='ocrx_word' id='word_1_277' title='bbox 861 3807 1042 3892; x_wconf 83' lang='lat' dir='ltr'><strong>dispendiis,</strong></span> <span class='ocrx_word' id='word_1_278' title='bbox 1064 3828 1131 3893; x_wconf 80' lang='lat' dir='ltr'><strong>quae</strong></span> <span class='ocrx_word' id='word_1_279' title='bbox 1150 3808 1179 3870; x_wconf 93' lang='lat' dir='ltr'><strong>in</strong></span> <span class='ocrx_word' id='word_1_280' title='bbox 1200 3807 1286 3870; x_wconf 85' lang='lat' dir='ltr'><strong>furo·</strong></span> 
     </span>
     <span class='ocr_line' id='line_1_38' title="bbox 272 3895 1270 3982; baseline 0 -22"><span class='ocrx_word' id='word_1_281' title='bbox 272 3896 475 3960; x_wconf 80' lang='lat' dir='ltr'><strong>ecclesiastico</strong></span> <span class='ocrx_word' id='word_1_282' title='bbox 504 3917 558 3980; x_wconf 92' lang='lat' dir='ltr'><strong>pro</strong></span> <span class='ocrx_word' id='word_1_283' title='bbox 582 3910 718 3978; x_wconf 70' lang='lat' dir='ltr'><strong>tempore</strong></span> <span class='ocrx_word' id='word_1_284' title='bbox 745 3909 923 3978; x_wconf 81' lang='lat' dir='ltr'><strong>tractantur,</strong></span> <span class='ocrx_word' id='word_1_285' title='bbox 951 3919 996 3976; x_wconf 77' lang='lat' dir='ltr'><strong>ca,</strong></span> <span class='ocrx_word' id='word_1_286' title='bbox 1024 3919 1097 3982; x_wconf 82' lang='lat' dir='ltr'><strong>qua,</strong></span> <span class='ocrx_word' id='word_1_287' title='bbox 1121 3895 1188 3960; x_wconf 84' lang='lat' dir='ltr'><strong>[ieri</strong></span> <span class='ocrx_word' id='word_1_288' title='bbox 1211 3918 1270 3982; x_wconf 91' lang='lat' dir='ltr'><strong>po·</strong></span> 
     </span>
     <span class='ocr_line' id='line_1_39' title="bbox 280 3985 760 4069; baseline 0.002 -22"><span class='ocrx_word' id='word_1_289' title='bbox 280 3987 349 4069; x_wconf 76' lang='lat' dir='ltr'><strong>test,</strong></span> <span class='ocrx_word' id='word_1_290' title='bbox 375 3985 527 4048; x_wconf 87' lang='lat' dir='ltr'><strong>eeleritate</strong></span> <span class='ocrx_word' id='word_1_291' title='bbox 551 3995 760 4048; x_wconf 81' lang='lat' dir='ltr'><strong>succurratur.</strong></span> 
     </span>
    </p>

    <p class='ocr_par' dir='ltr' id='par_1_11' title="bbox 321 4071 1269 4162">
     <span class='ocr_line' id='line_1_40' title="bbox 321 4071 1269 4162; baseline 0.002 -28"><span class='ocrx_word' id='word_1_292' title='bbox 321 4076 375 4141; x_wconf 82' lang='lat' dir='ltr'><strong>«i.</strong></span> <span class='ocrx_word' id='word_1_293' title='bbox 424 4074 543 4160; x_wconf 85' lang='lat' dir='ltr'><strong>Exponi</strong></span> <span class='ocrx_word' id='word_1_294' title='bbox 570 4096 642 4138; x_wconf 90' lang='lat' dir='ltr'><strong>sanc</strong></span> <span class='ocrx_word' id='word_1_295' title='bbox 670 4071 759 4139; x_wconf 86' lang='lat' dir='ltr'><strong>nobis</strong></span> <span class='ocrx_word' id='word_1_296' title='bbox 789 4097 887 4162; x_wconf 88' lang='lat' dir='ltr'><strong>nuper</strong></span> <span class='ocrx_word' id='word_1_297' title='bbox 913 4075 984 4140; x_wconf 84' lang='lat' dir='ltr'><strong>fecit</strong></span> <span class='ocrx_word' id='word_1_298' title='bbox 1011 4073 1210 4140; x_wconf 84' lang='lat' dir='ltr'><strong>charissimus</strong></span> <span class='ocrx_word' id='word_1_299' title='bbox 1239 4075 1269 4136; x_wconf 90' lang='lat' dir='ltr'><strong>in</strong></span> 
     </span>
    </p>
   </div>
   <div class='ocr_carea' id='block_1_3' title="bbox 0 0 1490 4770">
    <p class='ocr_par' dir='ltr' id='par_1_12' title="bbox 0 0 1490 4770">
     <span class='ocr_line' id='line_1_41' title="bbox 0 0 1490 4770; baseline 0 0"><span class='ocrx_word' id='word_1_300' title='bbox 0 0 1490 4770; x_wconf 95' lang='lat' dir='ltr'><strong> </strong></span> 
     </span>
    </p>
   </div>
  </div>
 </body>
</html>
