2924 4770
613 587 843 632 cltuontcaatat
1071 610 1076 618 ·
1122 569 1202 636 l753.

212 697 535 789 tuda.Hiero-quun
562 703 632 768 dicit
659 702 739 785 (sup.
763 699 853 782 illud.
888 700 1150 788 tturtr.xvttt,)÷
1190 703 1231 770 Si
1315 745 1316 750 κ

215 796 399 874 peccaverit
416 795 448 856 in
463 805 505 858 te:
531 789 772 875 ‹adtactipieudus
794 802 837 851 cst
853 811 991 853 seorsum
1013 791 1121 872 irater,
1139 817 1176 860 ne
1201 795 1227 878 si

224 883 315 946 semel
353 882 515 965 pudorem,¹
537 884 582 947 ael
615 879 829 944 verecundiam
862 880 1022 958 amissarit,
1054 894 1230 960 qrertttaueat
1266 941 1267 946 ,

227 971 255 1034 iu
282 982 441 1055 peccato.»
476 968 617 1035 Secunda
645 968 735 1032 debet
752 968 922 1050 conservari
944 968 1023 1030 laura
1041 970 1144 1049 fratris
1161 995 1226 1056 pec·

154 1101 157 1108 «
225 1061 334 1128 cantis:
367 1071 431 1122 tum
452 1061 535 1145 quia,
559 1082 620 1124 una
637 1058 803 1142 ,insuaue
829 1057 878 1119 alii
900 1057 1100 1141 infamantur,
1122 1083 1229 1125 sceau·

224 1149 299 1212 dunt
314 1147 390 1222 illud
410 1149 573 1236 alatqustini
591 1149 692 1234 (epist.
714 1146 751 1210 ad
767 1145 887 1230 plebem
906 1149 1150 1232 Hipponensetu,
1171 1154 1227 1220 77,

225 1240 251 1300 al
283 1241 360 1321 l57,
391 1239 580 1302 intentaed.
621 1249 649 1298 et
680 1235 764 1319 susq:
802 1239 897 1298 «Cam
929 1237 967 1302 de
990 1238 1144 1322 aliquibus
1176 1240 1230 1324 qui

178 1389 179 1394 ,
224 1339 363 1392 sanetum
391 1343 503 1390 nostran
541 1326 737 1411 prolitentnr,
774 1324 890 1408 aliquid
914 1326 1054 1390 oriminis
1083 1329 1126 1390 vel
1163 1328 1230 1390 tusi

225 1418 374 1494 sonuerit,
407 1425 449 1480 ael
475 1418 536 1479 veri
565 1411 709 1499 patuerit,
738 1415 862 1490 instant,
893 1428 1046 1499 satagunt,
1073 1417 1227 1498 suabium,
1375 1493 1381 1500 Ι

227 1517 258 1567 ut
286 1507 323 1568 dc
345 1507 492 1569 cornibus
518 1511 573 1567 ltoc
607 1503 784 1578 eredatnr3n
816 1515 878 1564 tum
906 1505 996 1569 etiaut
1019 1507 1088 1591 quia
1113 1527 1229 1591 expec-
1294 1513 1298 1518 “
1331 1551 1336 1565 ,

225 1607 293 1672 ento
324 1595 414 1657 unias
445 1595 601 1680 pob'ieatu
633 1592 682 1654 atii
713 1592 915 1673 provacantur
947 1593 984 1655 ad
1025 1595 1227 1679 peccandum.

225 1683 282 1748 Sed
318 1683 388 1772 quia
418 1678 602 1747 conscientie
633 1679 818 1765 preferendo
842 1697 887 1743 est
909 1682 1009 1768 lanam,
1040 1686 1135 1747 voluit
1171 1689 1233 1748 ttu-

228 1774 330 1856 miuus
354 1785 386 1834 ut
409 1775 514 1836 saltem
542 1795 611 1835 curn
638 1767 915 1854 dispendiosam,
941 1772 1040 1838 lintris
1064 1776 1226 1837 caristien-

227 1862 279 1924 tia·
299 1883 351 1946 per
377 1863 533 1946 publicam
566 1859 828 1925 denuntiationem
868 1866 884 1922 d
920 1873 1041 1945 peccato
1072 1863 1231 1931 liberetur.

229 1951 312 2014 Unde
330 1962 411 2035 patet
431 1951 469 2015 tle
493 1952 668 2014 necessitate
694 1949 834 2033 praeeepti
863 1972 926 2014 esse
942 1951 1025 2035 qnod
1048 1964 1159 2016 secreta
1180 1953 1232 2016 ad·
1292 1963 1294 1968 ’

229 2041 544 2124 manitio'publicam
572 2039 837 2128 denuntiationem
866 2040 1049 2122 precedat.»
1075 2041 1156 2108 lbid.
1178 2046 1209 2106 7.

212 2201 216 2212 ,
271 2132 373 2192 Pte-te
407 2130 615 2194 ecclesiasticae
649 2149 700 2190 seu
738 2127 895 2190 canonicae
928 2141 1011 2192 suut:
1041 2131 1232 2212 poenitentia,

134 2289 138 2295 ¹
229 2239 367 2290 censure
390 2233 418 2282 et
442 2241 528 2302 paean
551 2219 664 2282 stricta.
686 2214 838 2278 Differam
861 2217 938 2290 inter
963 2239 1006 2279 se:
1028 2221 1144 2282 ratione
1164 2221 1235 2284 suli·

197 2325 199 2330 '
226 2307 297 2392 jecti
331 2309 379 2370 eui
404 2311 620 2392 imponuntur,
648 2306 765 2368 ratione
797 2303 949 2368 bonorum
982 2309 1135 2393 tiquibus
1169 2312 1252 2394 pri-⁸

231 2409 310 2469 aunt,
339 2395 458 2460 ratione
479 2396 627 2479 temporis
648 2415 713 2479 quo
731 2394 859 2472 dnpanq
880 2407 909 2456 et
933 2397 1048 2460 ratione
1075 2420 1235 2461 causarum

231 2486 342 2571 quibus
379 2499 507 2550 cessant.
543 2486 670 2547 Ratione
693 2482 835 2569 subjecti:
861 2486 1038 2568 poeuiteatia
1067 2488 1237 2570 impturittu·

232 2575 384 2659 peccatori
432 2575 603 2660 penitenti,
641 2595 766 2635 censura
802 2575 976 2649 cantu-maci
1014 2597 1074 2639 non
1115 2575 1233 2652 rebelli,

231 2685 318 2750 poeua
336 2665 436 2726 stricta
457 2661 631 2728 contumaci
660 2662 777 2742 rebelli.
800 2665 927 2726 Ratione
950 2665 1115 2729 bonorum:
1144 2667 1238 2750 poeui·

233 2753 323 2840 tentia
348 2766 532 2835 etpcensura
559 2754 679 2837 privant
700 2751 855 2836 aliquibus
880 2753 981 2836 banis,
1014 2777 1101 2839 prena
1136 2757 1239 2818 stricte

234 2843 329 2926 privat
353 2842 442 2904 bonis
467 2841 614 2906 omniltus
636 2841 728 2902 unius
749 2843 867 2925 generis
889 2845 932 2905 vel
964 2843 1077 2912 classis.
1108 2845 1239 2908 Ratione

235 2932 392 3016 temporis
414 2931 588 3016 poenitentia
607 2929 777 3013 imponitur
795 2951 850 3012 pro
867 2942 1002 3016 tempere
1023 2932 1237 3015 determinate,

234 3043 358 3084 censura
382 3020 563 3104 generaliter
586 3040 640 3103 pro
665 3018 913 3104 indeterminato,
935 3043 1021 3106 poeaa
1055 3023 1155 3086 stricta
1186 3047 1240 3108 ge·

149 3159 151 3166 ,
238 3111 381 3172 penaliter
418 3111 448 3170 in
488 3120 684 3196 perpetuum.
708 3108 840 3186 [latinae
870 3110 954 3174 madi
984 3133 1046 3196 quo
1083 3111 1239 3180 delentur:

235 3199 410 3284 ptenitentia
435 3219 489 3280 per
512 3197 748 3261 satisfactionem
772 3196 990 3283 delinquentis,
1011 3216 1064 3262 aut
1083 3223 1138 3285 per
1153 3202 1240 3287 judi·

234 3289 277 3351 cis
298 3287 534 3372 indulgentiam,
556 3309 682 3350 censura
702 3287 1008 3372 perabstaltrtionen13
1032 3312 1119 3376 paena
1136 3293 1238 3355 stricta

238 3399 291 3462 per
312 3378 583 3461 dispensationem.
863 3441 865 3446 ,
1188 3443 1194 3454 ,

279 3470 423 3529 Praeterea
451 3489 537 3552 poeaa
562 3477 738 3550 potestesse
760 3487 860 3550 poeun,
877 3477 911 3529 et
932 3466 1098 3532 medicina.
1123 3472 1239 3532 ‹cl'tarto

236 3554 400 3639 dupliciter
426 3566 523 3640 potest
546 3554 747 3621 considerari.
789 3558 856 3618 Uno
881 3555 973 3620 modo
997 3556 1166 3622 secundum
1194 3582 1242 3622 ra-

237 3644 351 3707 tionem
376 3667 472 3729 poeaae
503 3657 532 3708 et
551 3643 720 3708 secundum
744 3644 800 3707 hoe
824 3665 911 3730 potua
938 3667 998 3709 aon
1021 3646 1150 3712 debetur
1182 3647 1239 3711 nisi

239 3744 374 3818 peecata.
399 3736 470 3818 quia
497 3755 550 3818 per
583 3754 704 3818 pmaram
744 3748 902 3818 reparatur
923 3737 1078 3821 aequalitas
1102 3737 1239 3823 justitiae,

238 3823 267 3885 in
291 3833 440 3906 quarratam
465 3825 527 3905 ille,
552 3824 604 3908 qui
631 3821 785 3906 peccando
812 3824 904 3885 nimis
927 3836 1048 3888 secutas
1080 3829 1125 3889 est
1153 3847 1240 3894 suam

239 3910 437 3986 volitantem,
462 3912 588 3997 aliquid
605 3922 710 3974 eontra
734 3934 819 3974 suam
849 3914 1035 3978 uoluntatem
1072 3915 1262 4000 patitur....·

238 4000 306 4063 Alia
328 4000 421 4064 aaaodo
448 4011 545 4087 potest
566 4000 752 4064 considerari
776 4023 877 4085 poena,
899 4003 929 4065 iu
952 4017 1100 4089 quamtum
1118 4016 1163 4067 ast
1182 4027 1241 4067 me·
1274 4071 1276 4076 ,

239 4090 337 4152 diciua
361 4113 420 4154 ttou
444 4090 544 4154 salum
566 4091 695 4153 sensitiva
718 4095 831 4174 peceati
869 4095 1027 4180 preteriti,
1064 4095 1114 4158 sed
1145 4094 1251 4158 etiam·
