2938 4770
255 589 321 648 l‘2l
438 585 439 590 '
587 583 832 652 inssirurronunr
858 581 859 584 ¹

115 781 116 784 ,
212 719 307 804 sionis
341 721 495 804 profertur
517 723 678 801 sententia,
705 719 850 784 dictando
878 717 1087 803 dispositivam
1120 723 1200 784 Cun-

212 807 349 888 eellerio,
375 833 445 874 cum
468 815 609 901 {explicita
635 812 798 884 mentione,
824 809 853 872 in
887 829 958 872 casu
982 808 1198 887 damnatione,
1261 887 1262 892 γ

108 919 109 924 ’
151 959 154 964 ,
211 897 366 960 canonica¹
388 902 563 982 saltationis,
594 905 734 966 accusato
756 897 929 984 applicilae.

574 1130 576 1134 ,
638 1079 773 1178 xxxvi,

254 1211 406 1292 Sententia
441 1213 588 1276 indicitur
615 1201 782 1298 praevento,
812 1184 1125 1296 quiappellationem
1150 1205 1201 1272 in-

210 1303 370 1397 terponere
402 1313 500 1387 potest
526 1303 565 1368 ad
595 1301 816 1367 auctoritatem
841 1290 1084 1366 Ecclesiasticam
1111 1321 1204 1384 supe·

118 1449 124 1458 ,
209 1407 335 1454 riorem.

632 1552 783 1634 x'xnvtr.
876 1615 881 1628 ,a

253 1701 314 1762 Pro
341 1704 547 1786 appellatione
570 1713 726 1788 servantur
750 1710 876 1765 normae
894 1711 1011 1766 statutae
1038 1704 1056 1762 a
1083 1701 1204 1784 Consti-

212 1787 327 1852 tutione
340 1791 389 1853 ad
402 1796 677 1860 matronarum.
696 1790 813 1858 Bened.
830 1792 901 1853 XIV
919 1794 965 1856 50
981 1789 1082 1878 Marti]
1102 1789 1203 1872 tran,

209 1875 336 1962 nliaeque
357 1891 503 1946 emanatae
530 1883 569 1946 ab
600 1883 656 1947 hac
679 1879 983 1966 S.'C0ngrapali0ne
1007 1884 1135 1961 Decleltt
1160 1883 1221 1945 l8·‚

209 1967 388 2030 Decembris
414 1972 504 2036 laea
533 1970 579 2057 ll)
609 1983 638 2035 et
667 1972 779 2034 Littera
811 1967 1053 2034 circular·i1diet
1091 1969 1107 2028 i
1135 1969 1203 2031 ltu·

211 2056 289 2137 gusti
313 2059 414 2125 t85t.
569 2077 571 2081 '
1093 2117 1094 2122 κ

206 2245 448 2264 Ἤ

244 2327 281 2396 lt>
318 2331 362 2386 En
376 2333 407 2386 in
421 2335 605 2408 commodum
620 2336 759 2391 lectorum
773 2335 918 2389 decretum
933 2332 1105 2402 liujus-modi.
1119 2332 1203 2388 Haud

208 2399 357 2456 referimus
381 2403 504 2460 litteram
523 2406 675 2475 prolixam,
692 2407 749 2460 (lici
778 2408 789 2461 l
813 2405 935 2474 Augusti
967 2403 1044 2468 1835,
1061 2405 1203 2476 ¹quostiam

207 2473 357 2540 praecipuae
380 2476 507 2544 ejusdcm
538 2478 767 2548 praescriptiones
791 2477 823 2532 in
846 2476 979 2546 praesenti
1009 2475 1203 2532 Instructionc

209 2542 304 2597 relatae
330 2545 413 2600 nobis
432 2550 575 2603 videntur.
857 2605 859 2609 Α
1015 2610 1017 2616 ,

241 2614 415 2672 Decrianum
429 2633 489 2676 reo
508 2622 618 2676 Cnosis
638 2621 869 2689 Calamitosus.
886 2617 954 2674 Non
972 2617 1011 2672 ita
1025 2617 1136 2686 pridem
1150 2619 1167 2670 a
1181 2633 1202 2671 s.

209 2683 439 2755 Congrcgatione
460 2692 592 2759 negotiis,
617 2699 644 2755 et
665 2689 926 2748 consultationibus
950 2689 1157 2758 Episcoporum
1177 2691 1204 2744 e't
1255 2701 1257 2706 ·

209 2755 395 2823 Regularium
414 2762 573 2832 praepositae
597 2762 746 2824 nonnullae
769 2755 1064 2841 regulae'praescriptae
1088 2759 1205 2815 inerunt
1295 2765 1298 2770 ‘

123 2832 125 2838 '
208 2828 258 2894 pio
286 2837 370 2896 recta,
396 2841 423 2886 ct
451 2835 583 2902 expedita
609 2833 780 2888 definitione
810 2846 958 2888 causarum
995 2831 1202 2898 criminalium,
1294 2876 1298 2880 .

207 2913 270 2966 uuae
291 2903 307 2954 a
331 2903 425 2958 Curiis
445 2905 661 2975 Episcoporum.
676 2904 720 2960 vel
737 2904 957 2960 ordinariorum
977 2903 1012 2958 ad
1035 2903 1165 2958 eamdem
1179 2919 1201 2958 s.

207 2973 467 3040 congregationem
489 2979 518 3032 in
537 2979 624 3045 gradu
644 2976 846 3046 appellationis
860 2974 1036 3041 deferuntur.
1054 2971 1132 3038 Quas
1144 2974 1204 3042 qni-

207 3042 271 3095 dcm
291 3047 528 3115 praescriptiones,
543 3050 680 3118 quouiam
697 3049 904 3118 impedimenta
922 3043 1033 3101 sublata
1049 3051 1125 3110 sunt,
1142 3061 1204 3114 quae

207 3113 303 3182 aliqua
324 3131 357 3169 ex
379 3127 459 3185 parte
478 3135 574 3174 earum
592 3121 755 3176 executioni
778 3118 946 3186 interposita
969 3117 1205 3181 fuerant,visun1

208 3192 249 3236 est
275 3186 519 3246 liniinentissimis
542 3191 674 3246 Patribus
690 3191 721 3244 in
741 3190 891 3244 Conventa
907 3188 1004 3244 habito
1019 3201 1068 3242 xv.
1084 3187 1203 3243 Calend.

207 3254 323 3310 Jamiar.
348 3273 534 3318 ntnuccnxxv.
558 3263 672 3317 uberius
694 3261 846 3330 explicare,
875 3267 990 3314 etcum
1019 3274 1148 3323 assensn,
1177 3266 1204 3314 et

208 3328 414 3394 approbatione
440 3333 469 3386 S.
491 3336 526 3388 D.
547 3335 582 3388 N.
610 3335 765 3389 Genaoitir
797 3333 986 3386 xre-iterum
1012 3328 1201 3398 promulgare,

207 3403 238 3450 ut
262 3398 297 3452 ab
318 3403 462 3469 cornibus,
483 3408 517 3460 ad
541 3422 611 3474 quos
632 3404 783 3473 pertinent,
805 3403 1018 3458 accuratissime
1045 3409 1201 3458 serventur.

208 3468 283 3522 Sunt
305 3481 399 3527 autem
419 3490 482 3544 quae
507 3483 673 3546 sequuntur.

207 3540 230 3593 Ι.
270 3541 373 3596 Reisa
399 3549 493 3602 Ouriis
517 3546 733 3617 Episcopalibus
755 3543 900 3601 criminali
922 3545 1032 3612 judicio
1061 3544 1205 3598 damnatis

201 3614 203 3618 ’
278 3616 403 3681 spatium
425 3618 534 3672 dierum
560 3620 656 3674 decem
686 3619 863 3679 conceditur,
882 3631 937 3686 quo
961 3617 997 3670 ed
1024 3615 1052 3669 S.
1076 3614 1205 3684 Gangre·
1254 3635 1257 3640 ·

277 3688 422 3759 eletionem
447 3691 664 3758 episcoporum.
680 3696 708 3744 et
723 3690 908 3757 Regularium
924 3684 1068 3756 appellare
1083 3687 1203 3756 possint.

205 3753 241 3806 ll.
281 3757 386 3814 Decem
404 3761 463 3815 dies
484 3763 629 3817 nunrcrari
651 3762 794 3830 incipient
813 3776 874 3816 non
893 3763 910 3813 a
929 3760 984 3818 dic.
997 3773 1058 3827 ,quo
1085 3765 1202 3840 senten·
1235 3780 1241 3792 ·

279 3828 317 3882 tia
346 3831 402 3888 lata
423 3839 472 3894 est,
502 3834 548 3888 sed
572 3835 589 3888 a
611 3835 666 3900 die,
688 3849 744 3904 quo
763 3849 810 3890 ree
830 3831 875 3888 vel
907 3830 967 3901 ejus
987 3830 1131 3886 defensori
1154 3845 1204 3899 per

277 3903 428 3959 Cursorem
450 3905 624 3962 denunciata
638 3906 701 3961 fuit.

204 3968 254 4024 lIl.
296 3974 336 4028 Eo
359 3982 484 4046 tempore
505 3975 609 4047 elapso,
631 3977 785 4046 quinrdus
803 3975 847 4030 vel
868 3974 928 4044 ejus
947 3972 1080 4030 defensor
1103 3971 1204 4042 appel-

277 4045 385 4112 laverit,
409 4049 496 4102 latam
520 4052 536 4101 a
560 4067 589 4106 se
609 4049 784 4104 sententiam
809 4047 968 4116 Episcopus
995 4052 1160 4114 exequetur.

203 4111 256 4168 IV.
295 4113 467 4188 interposita
486 4121 562 4178 intra
582 4122 680 4176 deceni
705 4120 766 4175 dics
789 4117 984 4190 appellatione
1005 4117 1091 4173 Cirta
1121 4116 1206 4186 Epis·
