2938 4770
230 633 293 693 ΗΘ
559 649 805 690 iusrrrurtouuu

180 761 354 826 occasiones
378 761 567 841 uoluntario,
593 783 750 848 causaeque
772 761 810 826 ad
834 760 1075 848 delinquendum
1096 783 1173 848 pro·

149 901 151 914 .
178 853 268 914 simae
288 867 511 916 removeantur.
542 851 641 914 Altera
674 849 766 914 finem
789 850 903 914 hebent
930 850 1092 916 revocandi
1117 851 1175 916 de-

181 941 352 1026 linquentes
375 951 409 1002 ut
431 940 553 1026 sopiant
570 951 769 1027 reparentque
788 939 919 1004 admissi
938 939 1076 1006 criminis
1101 961 1176 1004 eon·

182 1029 369 1116 sequentias.
465 1027 468 1032 '
858 1041 860 1046 ·

652 1210 707 1272 ut.
730 1175 740 1199 ⁰

189 1384 191 1389 -
224 1339 414 1406 Cortcientio
433 1349 463 1404 et
496 1339 665 1425 prud‘entiae
696 1341 854 1406 Ordine-rii
880 1341 991 1406 horum
1023 1337 1177 1404 remedio·

179 1453 251 1496 rum
282 1428 435 1492 incumbit
459 1430 636 1515 applicatio,
667 1434 750 1517 juxta
786 1452 946 1494 canonum.
972 1429 1195 1514 prescriptio·¹

160 1549 162 1554 ·
181 1543 245 1597 nes,
279 1530 313 1592 et¹
332 1540 463 1582 casuum
481 1517 760 1606 ndjssunetorumque
784 1519 975 1606 gravitatem.

620 1729 639 1788 ᾗ
657 1717 711 1779 lV.

225 1847 336 1912 Mediis
364 1869 435 1932 quae
461 1857 643 1933 praesentant
673 1850 826 1934 praecipue
855 1857 1054 1914 accensentur
1078 1845 1179 1931 spiri·
1217 1894 1218 1897 ,

182 1937 272 2000 tualia
302 1937 452 2018 exercitia,
482 1936 666 2000 munitiones
695 1948 724 2002 et
752 1950 913 2026 precepto.

664 2137 702 2200 V.

228 2271 289 2330 Has
315 2265 508 2350 provisiones
524 2266 694 2350 procedere
713 2267 803 2332 debet
822 2267 989 2336 summaria
1014 2264 1085 2327 laeti
1109 2285 1184 2348 cog-

185 2357 259 2420 nitio
289 2377 356 2441 quae
385 2356 423 2420 ab
450 2355 615 2419 Ordinatio
645 2358 775 2421 notanda
808 2369 863 2434 est,
894 2369 928 2419 ut
959 2357 1007 2419 ad
1031 2355 1187 2416 ulteriora.

95 2477 98 2482 ·
122 2509 126 2516 .
184 2445 361 2527 procedere,
376 2455 526 2531 quatenus
545 2465 622 2528 opus
642 2447 692 2518 sit,
709 2458 738 2508 et
757 2448 918 2509 certiorem
943 2443 1072 2508 reddere
1093 2451 1188 2528 queat

186 2534 377 2618 superiorem
402 2533 636 2616 Aucutritetem,
658 2535 691 2598 in
715 2557 784 2598 casu
811 2535 939 2621 legitimi
963 2543 1115 2598 recursus,

661 2730 715 2795 Vl.
772 2784 776 2789 ,

232 2866 395 2944 Canonicae
416 2861 600 2927 monitiones
625 2862 704 2926 liunt
732 2865 793 2927 sive
822 2864 852 2927 in
880 2863 979 2926 forma
1005 2873 1130 2946 paterna
1154 2871 1189 2923 et'

188 2968 299 3020 secrete
327 2955 428 3038 (etiam
454 2975 507 3038 per
529 2953 690 3038 epistelam
720 2965 772 3018 eut
797 2976 850 3038 per
877 2953 1087 3038 interpositam
1115 2971 1186 3034 per·

188 3050 309 3128 sonam)
336 3045 396 3107 sive
422 3043 452 3104 in
482 3041 582 3110 formo
612 3040 712 3127 legali,
743 3045 783 3106 ito
811 3055 911 3106 tamen
938 3053 971 3105 ut
996 3040 1034 3105 de
1061 3061 1186 3104 earum-

189 3135 259 3199 dem
284 3133 459 3198 executione
486 3140 604 3194 constet
630 3153 664 3194 er
688 3132 793 3218 aliquo
817 3143 899 3198 actu.

658 3327 726 3395 Vll.

234 3468 389 3540 Quatenus
414 3459 611 3524 infructuose
633 3461 817 3524 monitiones
839 3460 979 3546 eradent,
1001 3458 1188 3528 ordinarius

188 3554 327 3639 praecipit
366 3551 477 3634 Curiae,
517 3560 548 3610 ut
582 3547 771 3634 delinquenti
804 3552 968 3635 analogum
1005 3550 1183 3636 injungatur

186 3653 386 3727 preceptum,
409 3640 438 3702 in
461 3659 524 3724 quo
546 3636 717 3703 decl-aretur
738 3640 813 3726 quid
837 3639 941 3706 eidem
960 3638 1113 3724 egendum
1133 3647 1186 3699 aut

187 3729 391 3795 omittendum
422 3728 472 3813 sit,
502 3748 573 3790 oum
604 3728 815 3813 respondentis
841 3751 939 3816 poenae
972 3727 1181 3791 ecclesiastico

187 3819 438 3896 comminatione,
468 3837 561 3902 quam
585 3815 720 3882 incurret
746 3821 776 3884 io
802 3841 872 3883 casu
898 3815 1159 3905 transgressionis.

650 3985 732 4080 rut

230 4153 419 4243 Praeceptum
447 4147 605 4213 intimatur
637 4163 789 4234 praevento
817 4154 832 4213 ai
861 4147 1054 4212 Cancellario-
1076 4165 1183 4236 curam
