2924 4770
612 579 837 622 csuourcnnuu
1104 562 1169 624 459

223 697 287 760 loca
320 695 443 760 visitent
469 694 599 779 exceptis
626 716 694 781 quse
715 691 773 758 'sub
800 692 982 764 immediata,
1000 696 1119 780 Regum
1151 715 1225 779 pro·

223 787 352 850 tectione
381 794 462 848 sunt:
492 787 727 867 «Eleemosynas
753 783 866 846 montis
897 783 1032 861 pietatis,
1064 787 1124 848 siro
1149 783 1223 848 chn-

222 875 331 953 ritatis,
356 885 385 938 et
411 873 459 958 pia
490 874 554 936 loca
580 872 698 952 omnia,
724 870 1016 959 quomodocumque
1043 893 1226 957 unucupcn·
1299 879 1302 884 '

223 975 284 1042 tur,
313 963 433 1027 etiarnsi
463 963 680 1048 predictorum
711 967 847 1024 iocorum
869 981 941 1023 curs
971 960 1130 1026 sdtaicos
1153 984 1223 1046 per·

223 1053 330 1133 tinent,
349 1063 439 1139 atque
465 1051 571 1115 eadcru
592 1051 640 1136 pia
667 1039 729 1114 toci
756 1049 957 1135 exemptionis
977 1051 1137 1136 privilegio
1164 1051 1225 1113 siut

222 1143 407 1206 munituras
434 1140 552 1226 omnia,
582 1163 649 1226 quae
668 1138 705 1203 ad
731 1140 786 1204 Dci
814 1134 956 1224 cultum,
975 1151 1027 1203 unt
1049 1143 1225 1204 animarum

223 1232 362 1306 satutem,
391 1253 442 1296 scu
473 1251 622 1314 pauperes
651 1226 865 1294 sustentandos
894 1229 1028 1293 instituta
1055 1241 1138 1313 sunt3
1167 1229 1226 1312 ipsi

223 1319 401 1407 (Episcopi)¹
421 1343 454 1382 cx
477 1319 583 1406 officio
610 1341 677 1395 suo,
697 1321 779 1403 jurna
805 1339 962 1382 sacrorum
989 1341 1147 1404 canonum,
1165 1329 1228 1380 sto·

221 1420 283 1475 tuta
312 1419 511 1495 cognoscant,
540 1420 568 1470 et
598 1417 794 1493 exequantur:
831 1428 891 1470 uon
923 1408 1115 1472 obstantibus
1144 1429 1226 1492 qua·

222 1520 354 1584 cumque
383 1498 616 1572 consuetudine,
644 1497 735 1560 etiam
764 1497 1017 1574 immemorabili,
1049 1496 1222 1583 privilegio,

222 1599 274 1652 out
302 1598 447 1653 statuto.»
483 1589 557 1671 Cep.
590 1589 626 1663 8,
655 1607 715 1648 ses.
746 1588 802 1668 22,
831 1583 872 1648 de·
893 1586 1021 1651 reform.

210 1714 235 1732 -,
265 1680 350 1740 Boua
376 1677 423 1761 pia
449 1686 645 1760 occupantes,
672 1673 845 1759 puniuntur
867 1677 949 1762 juxte
979 1673 1222 1762 sequeutimnffi

224 1788 316 1852 quern
335 1765 533 1848 clericorum,
557 1775 585 1826 et
611 1764 774 1844 laicorum,
798 1785 991 1850 quecumque
1014 1767 1039 1826 is
1065 1763 1224 1850 dignitate,

223 1855 313 1920 etiam
340 1853 509 1938 liuperiati,
538 1865 590 1916 aut
619 1854 725 1940 Reguli
750 1853 940 1940 praeiutgeat,
971 1854 1123 1916 intentum
1157 1873 1227 1915 mc·

223 1945 327 2008 trorum
347 1944 488 2007 ourrrium
518 1943 600 2006 radix
620 1942 771 2028 copiditas
798 1943 1006 2030 occupaverit,
1032 1954 1066 2006 ut
1094 1942 1239 2027 aiicujus

225 2033 373 2115 ecclesius,
403 2055 453 2096 seu
486 2033 619 2119 cujusvis
643 2031 810 2114 secularis,
828 2042 872 2096 ret
897 2033 1044 2119 regularis
1068 2030 1223 2112 beneficii,

225 2124 379 2186 montium
410 2123 537 2206 pietatis,
563 2124 756 2207 utrorumque
783 2122 927 2205 priorum
961 2123 1101 2186 locorrrm
1129 2121 1225 2206 juris-

224 2211 388 2294 dictiones,
418 2211 512 2288 bona,
545 2234 666 2296 census,
698 2234 733 2274 ac
760 2213 843 2296 jura,
883 2213 973 2277 etiam
1007 2210 1155 2292 feudatis,
1197 2219 1226 2272 et

225 2301 462 2388 emphyteutica,
507 2299 637 2378 fructus,
670 2301 890 2386 emottrmenta,
931 2324 983 2364 seu
1017 2320 1245 2386 quascumque,

224 2384 436 2466 obventiones,
467 2411 535 2475 qure
557 2390 587 2452 in
616 2391 843 2473 ministrorum,
873 2401 902 2456 ct
926 2410 1096 2474 pauperum
1125 2409 1229 2450 neces·

225 2479 479 2544 sitatesconrerti
505 2478 630 2563 debent,
658 2501 712 2564 per
736 2499 783 2560 se,
809 2481 854 2544 vel
886 2481 963 2544 alios
981 2481 1023 2561 vi,
1051 2479 1096 2544 uel
1119 2477 1229 2538 timore

225 2569 361 2650 incusso,
392 2590 443 2632 seu
474 2569 566 2632 etiam
590 2591 645 2654 per
668 2568 841 2655 suppositas
866 2593 1012 2655 personas
1030 2569 1227 2642 clericorum,

222 2669 275 2722 aut
317 2658 484 2736 laicorum,
516 2681 567 2722 seu
600 2681 798 2746 quacumque
831 2673 906 2744 arte,
945 2672 997 2724 stit
1027 2677 1226 2747 quocumque

223 2747 358 2834 quaesito·
385 2747 502 2822 colore,
537 2749 568 2811 in
601 2750 745 2835 proprios
773 2771 846 2813 usus
875 2761 1064 2832 convertere,
1096 2749 1229 2832 illosque

225 2858 373 2922 usurpare
399 2839 643 2921 presumpserit,
679 2860 730 2902 seu
769 2839 934 2923 impedire,
967 2861 1004 2902 ne
1035 2839 1073 2902 ab
1105 2837 1155 2911 iis,
1188 2833 1228 2898 ad

223 2945 301 3012 quos
329 2928 399 3012 jure
426 2925 600 3010 pertinent,
623 2926 843 3012 percipiantur;
876 2928 902 2990 is
931 2925 1115 2992 anathemati
1144 2935 1229 2987 tam-

223 3014 276 3078 diu
305 3014 473 3101 subjacent,
500 3015 646 3100 quamdiu
669 3011 913 3100 jurisdictiones,
945 3018 1040 3101 bona,
1065 3037 1125 3097 res,
1143 3016 1227 3100 jure,

223 3104 353 3184 fructus,
384 3115 413 3167 et
441 3103 590 3188 redditos,
614 3127 693 3191 qnos
716 3106 923 3191 occupaverit,
945 3106 990 3170 vel
1014 3105 1067 3193 qui
1094 3103 1131 3166 nd
1153 3125 1227 3166 eum

225 3193 532 3281 quomodocumque,
559 3195 648 3267 etiarn
678 3217 711 3258 ex
736 3194 903 3261 donatione
930 3195 1095 3283 suppositae
1118 3213 1225 3278 perso·

225 3305 282 3363 nae,
310 3283 517 3367 pervenerint,
547 3285 692 3361 ecciesiae,
720 3289 848 3374 eiusque
874 3283 1142 3365 administratori,
1164 3282 1228 3344 sive

225 3371 405 3436 beneficiato
418 3372 534 3457 integre
558 3375 734 3455 restitnerit,
754 3398 795 3442 ac
815 3375 926 3442 deiude
948 3382 964 3442 d
984 3379 1127 3440 Romano
1146 3374 1229 3434 Pou-

224 3459 305 3525 tifice
327 3462 554 3526 ahsolutionem
581 3462 760 3530 obtinuerit.
785 3466 876 3546 Quod
904 3473 929 3531 si
958 3463 1095 3554 ejusdem
1127 3461 1226 3524 eccle·

223 3551 275 3613 siae
302 3551 448 3633 patronus
471 3550 575 3630 fuerit3
605 3553 696 3616 ctiam
724 3557 793 3639 jure
820 3563 1012 3641 patronatus,
1044 3553 1124 3617 ultra
1144 3572 1226 3635 prae·
1320 3549 1323 3554 ’

225 3638 321 3702 dictas
346 3660 463 3723 paenas,
488 3661 524 3703 eo
556 3645 624 3724 ipso
652 3642 789 3727 privatus
821 3646 937 3714 existat.
974 3645 1109 3709 Clericus
1139 3658 1226 3720 uero,

188 3780 190 3787 .
224 3727 277 3814 qui
301 3725 441 3791 nefande
464 3726 592 3811 fraudis,
621 3742 650 3795 et
680 3735 889 3819 usurpationis
922 3732 1099 3820 hrtjusmodi
1127 3731 1227 3796 fabri·

224 3829 320 3900 ector,
346 3838 397 3880 scu
419 3818 613 3883 cousenticns
643 3819 749 3898 suerit,
771 3823 895 3906 eisdem
926 3824 1027 3910 poenis
1057 3819 1225 3907 subjaccat;

225 3926 344 3969 necnon
365 3905 614 3991 quibuscumque
633 3908 791 3975 beneficiis
806 3913 940 3996 privatus
956 3914 1008 3999 sit,
1030 3923 1060 3978 et
1083 3912 1120 3977 sd
1141 3933 1226 3996 ques·

224 4016 359 4082 cumque
385 3993 443 4058 atie
469 3994 616 4060 beneficis
645 3995 793 4064 inhabilis
813 4000 978 4084 efficiatum
1003 4005 1070 4067 etd
1099 4023 1227 4065 suorum

227 4085 371 4149 ordinum
406 4085 593 4173 executione,
631 4088 720 4153 etiam
756 4101 825 4177 post
857 4093 1014 4181 integrum·
1043 4089 1229 4156 satisfactio·
