2898 4776
610 587 843 633 canourcanoaa
1137 569 1173 630 61

235 702 360 789 quaestio
381 713 462 768 mota
487 713 573 766 esset:
603 706 648 766 An
674 702 698 764 si
721 702 876 788 contingat
899 709 933 764 ut
963 700 1073 788 aliquis
1097 699 1228 786 praedic·
1300 716 1303 740 ²

231 792 545 878 torurnregular'ruur
566 791 700 877 insurgat
719 801 823 854 contra
846 787 1024 878 episcopum
1046 791 1077 853 in
1102 788 1228 875 proprie

233 881 369 964 dioecesi,
398 879 574 945 maledictis
619 902 689 944 cunr
726 881 840 964 scripto
875 879 921 943 aei
955 878 1038 942 dictu
1078 881 1228 964 poputum

232 968 479 1052 scandalizando,
506 967 601 1056 possit
626 969 665 1033 ab
701 969 852 1053 Episcopo
877 967 994 1052 puniri,
1020 978 1050 1031 ut
1078 989 1137 1052 qua
1161 965 1230 1056 ani-

232 1057 460 1139 madversionep
489 1070 518 1122 et
550 1056 636 1144 quid,
661 1058 685 1121 si
707 1056 885 1146 hpjusruodi
911 1055 1092 1142 deliuquens
1120 1056 1231 1119 transi·

237 1148 313 1210 verit
336 1147 375 1212 ad
397 1148 488 1210 aliam
511 1147 679 1226 dioecesim,
708 1145 766 1211 hoc
799 1167 868 1209 casu
900 1145 1082 1209 seruandum
1118 1146 1176 1226 sit,
1204 1152 1233 1208 et

233 1259 295 1321 qaia
325 1257 414 1322 poena
441 1237 620 1324 puniendus
652 1237 690 1299 sit
714 1234 873 1321 regularis,
898 1235 950 1321 qui
975 1255 1170 1298 commorans
1202 1232 1231 1295 in

236 1347 295 1388 nna
320 1325 458 1407 diaecesi,
481 1336 602 1411 spargat
620 1325 755 1389 famosos
774 1323 894 1388 libellos
917 1335 1020 1387 contra
1040 1322 1232 1388 ordinarium

235 1414 360 1480 alterius
395 1411 629 1479 dioecesisi-S.
657 1416 823 1498 congreg,
849 1411 886 1476 ad
912 1411 943 1476 id
967 1411 1125 1498 deputatu,
1149 1431 1231 1495 resp.
1264 1421 1265 1426 ’

140 1569 141 1574 ,
208 1503 263 1566 ‘Si
290 1504 449 1590 regularis,
476 1503 553 1566 iutra
576 1503 706 1567 claustra
731 1502 859 1589 degens,
886 1512 965 1566 extra
995 1523 1028 1565 eu
1058 1502 1087 1564 in
1114 1499 1234 1565 casibus
1309 1559 1312 1564 n

234 1592 264 1655 in
294 1591 391 1656 dnbio
425 1591 572 1678 expressis
597 1591 635 1655 ita
668 1593 787 1656 notorie
820 1589 1019 1676 deiinquerit‚
1054 1601 1087 1653 ut
1115 1587 1232 1676 populo

238 1681 382 1746 scandalo
407 1681 456 1764 sit,
480 1682 624 1767 episcopo
649 1680 791 1762 instante,
818 1679 913 1743 teneri
937 1679 1126 1764 superiorem
1149 1699 1235 1764 regu·

235 1771 330 1834 lurein
355 1771 434 1835 intra
461 1781 581 1856 tempus
609 1769 817 1856 abepiscopo
844 1765 975 1834 instante
1001 1767 1232 1854 praefigendum,

143 1893 144 1896 ¹
237 1881 346 1928 reuera.
368 1859 457 1922 iilum
490 1859 611 1944 punire,
638 1880 671 1922 ac
699 1858 737 1922 de
761 1857 921 1943 punitione
957 1858 1135 1942 episcopum
1167 1879 1236 1932 cer·

236 1937 350 2030 ,tioreui
376 1947 492 2030 iacere,
520 1948 668 2036 atlioquin
692 1949 734 2012 sic
759 1947 986 2032 delinquentem
1019 1946 1056 2009 ab
1089 1947 1235 2032 episcopo

238 2037 347 2122 ¹puniri
370 2058 471 2122 posse,
501 2036 538 2102 ad
564 2036 777 2124 praescripturn
812 2037 924 2102 concil.
957 2034 1044 2100 Trid.
1078 2048 1146 2120 cap.
1179 2037 1235 2099 tlt.

236 2147 294 2194 ses.
310 2129 352 2191 25
377 2125 415 2190 de
440 2128 537 2212 regui.
556 2125 646 2204 Quod
669 2127 694 2190 si
714 2126 894 2210 delinquens
916 2123 953 2187 ad
973 2124 1064 2188 aliurn
1082 2123 1238 2188 dioecesinr

241 2215 431 2302 migraverit,
457 2217 640 2280 servandum
665 2213 833 2300 essequod
857 2213 1081 2298 praecipitrarin
1109 2211 1237 2278 Constit.

240 2305 405 2370 Clementis
430 2306 518 2371 VHI.
555 2305 702 2386 Suscepti
728 2305 869 2367 murcem's
898 2304 993 2384 ratio,
1026 2301 1169 2369 confirm.
1201 2301 1239 2364 ab

242 2393 426 2457 tnnoeentio
441 2395 479 2459 X.
499 2396 552 2458 tlr.
575 2393 647 2467 Maii
667 2392 979 2457 rossemanum.
1002 2402 1076 2456 tour.
1099 2394 1131 2472 d,
1153 2410 1187 2475 p.
1205 2391 1239 2468 5,
1338 2409 1341 2418 ·

239 2503 271 2566 p.
293 2485 372 2556 247.
400 2484 556 2547 eiCanones
573 2493 602 2546 et
624 2482 743 2547 decreta
764 2481 883 2546 Concii.
904 2478 1027 2566 Tridui,
1048 2479 1098 2548 ed.
1116 2481 1241 2564 Neapo·
1269 2533 1272 2538 .

243 2572 289 2639 iit.
311 2575 413 2656 ⁴859,
439 2575 507 2658 pig.
527 2576 605 2640 aad.

284 2663 341 2728 21.
390 2660 543 2725 Audiatur
568 2661 632 2726 haec
651 2659 738 2726 ,aran
767 2659 964 2724 «Beatissimo
987 2661 1087 2723 Pater.
1100 2660 1241 2721 -Pater

243 2749 455 2824 Prouincialis‚
484 2750 602 2814 ordinis
625 2749 864 2814 Prudicutururn
889 2750 918 2811 in
944 2745 1054 2812 lusuiis
1085 2747 1241 2831 Philippi·

244 2841 304 2913 nis,
344 2838 502 2902 hunriiiter
542 2839 723 2925 provolutus
757 2839 794 2902 ad
829 2836 921 2924 pedes
954 2837 1124 2901 sanctitatis
1157 2839 1240 2915 Tuae,

243 2927 327 2991 enixe
356 2927 551 3012 deprecatur:
577 2933 627 2992 t.⁰
660 2929 697 2990 Ut
721 2927 863 2990 sanctitas
894 2929 957 2989 'l'ua
993 2924 1147 2989 declarare
1176 2923 1245 3010 dig-

242 3028 345 3100 netur,
371 3019 528 3081 Paroehos
553 3017 719 3102 Regulares
742 3015 771 3077 in
798 3015 887 3079 dictis
912 3014 1034 3086 insulis,
1059 3015 1149 3077 etiarn
1169 3035 1241 3077 cum

159 3140 162 3148 ·
247 3106 411 3170 collatione
435 3107 595 3186 canonica,
620 3104 774 3190 subjectos
797 3125 859 3168 csse
878 3101 1086 3190 jurisdictioni
1112 3123 1241 3166 suorum

244 3198 446 3259 Praetatorum
468 3195 680 3280 Regulariuur,
699 3194 803 3280 eisque
822 3192 933 3257 debere
953 3193 983 3255 in
1008 3190 1153 3256 omnibus
1171 3191 1241 3256 obe-

245 3283 324 3361 dire,
360 3284 416 3346 nisi
444 3283 475 3348 in
511 3284 560 3362 iis,
586 3285 618 3348 in
647 3282 771 3368 quibus,
796 3281 913 3346 ratione
936 3303 1017 3360 curae
1050 3281 1238 3358 animarum,

244 3371 453 3460 subjiciuntur
476 3373 612 3438 Praeletis
636 3372 1001 3438 Dioecesanis.-2.-Et
1014 3370 1084 3457 quia
1102 3368 1242 3433 nonnulii

243 3462 462 3546 praedictorum
484 3461 697 3527 Parochorum
719 3462 880 3538 sustinent,
905 3483 936 3524 se
959 3480 1047 3546 posse
1065 3459 1160 3523 libere
1180 3457 1245 3522 dis·

245 3571 361 3702 ponere
385 3551 503 3638 ubsque
528 3551 646 3614 licentia
670 3572 797 3614 suorum
819 3549 1019 3614 Praelatoruur
1041 3549 1240 3634 Regularium

269 3640 355 3718 ciis,
383 3661 461 3726 quae,
488 3640 515 3705 vi
542 3652 571 3704 et
591 3639 702 3703 intuitu
730 3637 882 3717 beneficii,
912 3637 1062 3718 obtinent,
1092 3639 1240 3702 Sanctitas
1355 3701 1362 3708 ,

245 3739 296 3792 tua
325 3728 480 3793 declarare
516 3729 671 3815 dignetur,
708 3727 870 3813 praedictos
899 3725 1067 3808 Psrochos,
1101 3726 1130 3790 vi
1157 3736 1245 3791 voto·

243 3839 312 3880 ruur
351 3817 534 3883 obedientie
559 3827 588 3882 et
610 3819 808 3905 perapertatis,
833 3816 871 3880 de
898 3817 993 3880 mulla
1025 3837 1057 3879 re
1080 3815 1244 3900 disponere

245 3927 348 3992 posse,
378 3929 475 3992 neque
502 3907 595 3973 etiam
626 3908 663 3971 de
688 3908 740 3990 iis,
766 3927 833 3991 quae
851 3905 897 3970 viu
922 3902 1066 3990 stipendii
1089 3915 1141 3968 aut
1159 3925 1240 3968 euro·

242 3996 455 4060 lamentorum
481 3995 708 4060 Perochialium
734 3994 971 4081 acquisiverunt,
997 3993 1055 4058 nisi
1080 3995 1161 4080 juxta
1196 3994 1239 4057 le-

244 4091 295 4171 ges
318 4086 436 4173 proprii
459 4085 604 4169 iustituti,
630 4097 658 4150 et
683 4084 898 4172 dispositiones
920 4083 1121 4150 Praelatorum
1141 4085 1239 4168 Regu·
