2938 4770
638 560 861 606 carnontcanunr

654 855 770 924 Num.
800 856 867 921 19.
960 872 965 878 ·

540 1045 749 1096 criminatis
772 1013 999 1096 processus(
1025 1009 1028 1023 ’

311 1377 478 1443 criminale
497 1377 652 1467 judicium
674 1377 838 1443 inchoatur
856 1400 911 1462 per
931 1375 1184 1458 accussationem,
1209 1395 1263 1462 per
1294 1461 1296 1466 ,

268 1464 547 1554 denuntiationem,
577 1479 629 1532 aut
651 1489 706 1553 per
731 1468 973 1555 inquisitionem.

311 1555 371 1634 Qui
398 1556 530 1644 aliquem
560 1558 590 1622 in
612 1557 731 1644 judicio
751 1566 897 1632 accussat,
923 1555 962 1619 ad
989 1575 1112 1639 prenam
1142 1554 1264 1618 talionis
1337 1598 1342 1606 ·

176 1669 178 1674 ·
269 1643 437 1731 obligetur:
472 1643 716 1730 «Calumniator,
751 1648 776 1711 si
804 1646 836 1708 in
867 1645 1074 1708 accussetione
1103 1642 1261 1723 defecerit,

267 1734 411 1798 talionem
430 1736 565 1820 recipiat.
595 1736 655 1812 Qui
672 1759 734 1800 non
751 1735 926 1822 probaverit
942 1732 1025 1820 quod
1051 1731 1175 1817 objecit,
1197 1753 1264 1816 poe-

266 1843 337 1886 nam
357 1843 450 1909 quam
477 1824 614 1888 intulerit
637 1826 701 1911 ipse
723 1825 891 1910 patiatur.»
910 1826 983 1909 Cap.
1008 1826 1029 1886 2
1048 1822 1077 1884 el
1098 1824 1145 1903 5.,
1171 1843 1202 1907 q.
1228 1824 1263 1897 5,

263 1933 347 1975 caus.
365 1917 399 1976 2.
423 1917 587 1998 Propterea
605 1935 696 1978 nemo
713 1915 808 1978 utitur
836 1913 927 1978 hodie
951 1910 1169 1992 accussatione,
1195 1931 1264 1995 quae

265 1999 369 2063 lecrrm
397 2001 521 2089 reliquit
550 2001 785 2068 denuntiationi.
1183 2003 1194 2024 ”

307 2088 401 2153 Aliud
428 2103 471 2155 est
497 2090 623 2173 delatio,
649 2093 734 2156 aliud
764 2090 966 2156 denuntiatio.
998 2089 1103 2154 Prima
1128 2088 1263 2175 aliquem

264 2179 408 2259 accussat,
438 2180 611 2245 omittendo
641 2204 753 2245 nomen
783 2179 978 2264 accusscntis.

309 2268 507 2334 Denuntiatio
537 2281 635 2355 potest
663 2293 727 2334 esse
750 2268 934 2356 evangelico,
965 2266 1125 2344 canonica,
1153 2277 1183 2330 et
1211 2269 1265 2353 ju-

263 2350 395 2423 dicialis,
412 2359 528 2443 Prima,
546 2359 682 2430 fraterne
693 2359 882 2424 correctione
898 2355 1066 2440 praemissa,
1085 2353 1265 2441 delinquen·
1371 2368 1374 2378 ⁴

265 2445 303 2507 tis
327 2448 549 2512 correctionem
576 2449 698 2534 quaerit,
727 2471 787 2514 non
818 2449 848 2511 in
873 2447 955 2524 loro,
986 2442 1038 2507 sed
1065 2445 1094 2507 in
1120 2443 1265 2508 cubiculo

267 2535 446 2620 superioris,
473 2559 557 2601 mere
589 2547 622 2600 ut
648 2537 751 2623 patris.
783 2534 920 2601 Secunda
950 2544 1006 2612 est,
1036 2555 1104 2619 quae
1122 2535 1192 2619 jure
1212 2555 1266 2598 ca·

265 2624 381 2688 nonico
401 2626 528 2712 obligat5
550 2625 638 2690 sicuti
664 2626 858 2691 denuntiatio
881 2622 1176 2709 impedimentorum
1197 2645 1266 2686 ma-

266 2712 449 2777 trimonium
484 2716 731 2800 impedientium.
762 2717 876 2800 Tertia,
903 2713 941 2777 de
966 2735 1025 2798 qua
1057 2715 1090 2776 in
1120 2714 1178 2776 hac
1204 2713 1267 2778 lec·

267 2799 351 2864 tione
385 2805 496 2889 agitur,
535 2805 570 2868 lit
598 2816 666 2869 ente
699 2805 850 2893 judicem,
880 2803 954 2888 legis
986 2801 1269 2888 praescriptionibus

271 2891 407 2975 servatis,
434 2903 463 2955 et
488 2915 558 2958 cum
583 2893 690 2958 libello
716 2893 932 2958 identificatur.

313 2979 511 3046 Innocentius
539 2985 621 3068 Papo
644 2986 687 3047 lll
706 2983 800 3046 elium
819 2979 984 3047 inchoandi
1007 2979 1165 3042 criminale
1182 2979 1268 3067 judi·

268 3069 352 3132 cium
389 3072 573 3157 prescripsit
609 3072 752 3156 modum,
791 3071 1021 3157 inquisitionem
1047 3068 1175 3147 scilicet,
1209 3089 1269 3153 qua

266 3156 371 3241 iudex,
409 3162 537 3246 proprio
573 3171 671 3237 motu,
707 3153 917 3226 accussation'e
955 3157 1002 3222 rel
1039 3157 1270 3221 denuntiatione

270 3245 486 3324 inextantibus,
516 3248 620 3314 delicti
649 3252 905 3330 existentiam-ct
927 3259 1096 3326 auctorem,
1122 3257 1151 3308 et
1178 3267 1268 3311 com·

269 3336 365 3420 plices
391 3339 416 3400 si
444 3337 557 3416 adsint,
586 3339 726 3425 inquirit.

315 3424 492 3490 «Evidentia
521 3430 628 3513 patrati
658 3430 780 3492 sceleris
811 3450 872 3492 non
905 3426 1021 3516 indiget
1048 3427 1183 3490 elamore
1218 3445 1269 3490 cc·

270 3516 465 3579 cessatorio»
494 3520 539 3582 De
568 3516 849 3594 Accussationibus,
876 3539 902 3580 c.
932 3520 964 3580 9.

312 3603 339 3666 Α
374 3603 605 3676 denuntiatione
640 3609 800 3692 repellitur
835 3605 979 3692 publicus
1011 3601 1265 3687 concubinarius,

270 3696 563 3770 excommunicatus,
582 3706 612 3760 et
636 3696 839 3783 conspirator,
863 3706 893 3758 et
912 3694 937 3756 is
962 3693 1016 3780 qui
1037 3713 1099 3758 non
1127 3712 1263 3777 praemo·

271 3781 350 3844 nuit.
382 3781 500 3848 lbidem
527 3789 583 3850 20.

315 3869 413 3956 Ordo,
444 3883 566 3960 tempus
594 3883 623 3937 ct
654 3873 781 3940 materia
816 3871 1023 3961 inquisitionis
1052 3869 1182 3935 mirifice
1218 3891 1269 3948 ex·

269 3959 435 4043 planantur
474 3961 533 4028 his¹
566 3964 717 4031 Decretal.
758 3963 870 4046 verbis,
907 3960 945 4027 de
984 3959 1267 4046 Accusaationibus,

270 4049 345 4135 Cap.
377 4052 432 4135 Π,
461 4055 518 4136 ll),
548 4053 605 4134 2t,
636 4055 692 4124 24.
