2938 4770
629 627 856 678 canonicarum

682 798 791 903 amir.

279 978 310 1040 Si
344 971 501 1056 contingat
525 967 607 1058 quud
631 970 778 1054 Clericus,
803 993 863 1035 non
888 965 1025 1036 obstante
1057 973 1115 1036 sori
1143 978 1241 1061 priri-

236 1067 328 1152 legio,
354 1063 395 1126 ob
415 1062 545 1126 crimina
569 1057 746 1124 rouarnunia
772 1060 963 1143 subjiciatur
976 1064 1130 1146 processui
1148 1075 1177 1128 et
1194 1069 1242 1150 ju.

237 1154 320 1220 dicio
346 1151 619 1235 taicaexpotastatin
644 1149 839 1225 ordinarius,
862 1149 920 1213 hnc
941 1153 972 1214 in
997 1171 1081 1234 casu,
1102 1173 1239 1234 summa·

238 1244 317 1307 riam
342 1240 439 1307 sumit
455 1238 614 1302 criminosi
638 1237 709 1302 facti
731 1238 952 1324 coguitionem,
987 1251 1088 1325 atque
1110 1263 1241 1327 perpe'n·

238 1333 283 1396 dit
303 1353 340 1394 an
368 1333 483 1415 ipsum,
512 1327 550 1393 ad
575 1327 685 1392 tradita
709 1339 763 1411 par
785 1350 888 1392 sacrus
907 1350 1051 1407 canones,
1078 1331 1179 1394 locum
1197 1331 1241 1394 fa·

238 1419 466 1502 uictimarum,
493 1417 718 1504 irregularitati,
747 1427 801 1484 aut
828 1417 881 1480 alii
912 1417 1122 1482 ecciesiestioae
1154 1441 1243 1484 sanc·

237 1510 329 1577 tioui.
681 1538 686 1544 ·

284 1605 309 1677 5,.
334 1602 380 1664 is
408 1593 685 1680 ¹Donerjudioinm
705 1593 846 1679 pendeat,
870 1607 920 1658 aut
934 1609 1091 1658 accusatus
1106 1596 1244 1660 detentus
1266 1608 1269 1619 '

238 1691 289 1768 sit,
313 1685 448 1771 prudens
471 1683 617 1771 estquod
637 1683 820 1748 Ordinarius
843 1705 906 1748 sese
926 1684 1036 1747 limitet
1070 1685 1107 1748 ad
1141 1686 1242 1749 inedia

240 1775 421 1864 provisoris.
918 1831 921 1842 .

223 1868 225 1872 ’
285 1873 309 1945 5,
334 1868 366 1930 2.
416 1857 542 1947 Eirpieto
562 1872 665 1924 tamen
685 1859 817 1948 judicio,
843 1873 872 1924 et
896 1860 994 1926 libero
1014 1861 1132 1934 reddito
1150 1885 1240 1927 accu-

244 1968 320 2038 sato,
361 1949 451 2018 Curia
475 1954 558 2037 juxta
591 1951 701 2014 exitum
727 1950 983 2014 informationum
1013 1974 1065 2014 oeu
1102 1953 1244 2038 superius

243 2054 484 2128 assumptorum,
510 2038 652 2124 procedit
677 2037 715 2103 ad
744 2039 879 2103 tramites
897 2039 1133 2126 dispositionum
1165 2063 1244 2128 prae·

244 2133 337 2199 sentis
356 2129 580 2196 instructionis.

692 2295 798 2371 xtiv.
906 2319 914 2335 ·

289 2447 323 2507 ln
346 2442 467 2506 casibus
485 2440 601 2536 dubiis.
627 2453 656 2505 et
676 2441 707 2504 in
730 2440 828 2542 variis‘
838 2420 978 2534 practicis
998 2420 1244 2520 distentioribus,

244 2555 311 2619 quae
330 2534 507 2617 contingere
526 2529 652 2616 possint,
673 2528 829 2594 Ordinarir
848 2531 1010 2596 consuiant
1029 2531 1106 2595 lianc
1125 2534 1154 2596 S.
1170 2535 1245 2598 Cun-

245 2635 374 2709 gregat„
394 2620 432 2685 ad
456 2619 593 2684 vitandas
617 2619 827 2685 contentiones
852 2630 882 2684 et
900 2621 1066 2684 nullitates.

335 2755 391 2818 Ex
411 2754 507 2834 And„
520 2752 628 2820 SSmi.
657 2754 723 2818 diei
744 2771 785 2815 II
810 2753 909 2826 Jonii
928 2755 1025 2818 1880.

293 2887 428 2952 SSrnus.
459 2887 564 2951 Dnus.
587 2887 707 2950 Noster
732 2885 825 2951 LEO
848 2888 927 2950 dio·
937 2900 1030 2970 prov.
1056 2889 1125 2951 PP.
1151 2859 1247 2962 XIII,

248 2979 363 3042 audito
393 2977 546 3039 relatione
569 2979 741 3056 proesentis
763 2977 981 3040 [astructionis
1004 2978 1044 3040 ab
1067 2979 1250 3058 infrascrito

249 3067 339 3132 Sacr.
375 3063 529 3147 Congreg.
560 3064 738 3145 Episcopor.
763 3076 794 3128 et
820 3066 1035 3148 Reguloriuoe
1062 3065 1249 3140 secretorio,

249 3179 322 3221 eone
342 3158 376 3219 ire
396 3155 540 3220 omnibus
558 3155 734 3234 approbare
755 3165 787 3218 et
811 3156 998 3238 confirmare
1018 3155 1172 3238 dignatos
1193 3165 1247 3218 est.

340 3289 452 3353 Rornae
475 3288 528 3352 die
547 3298 578 3351 et
600 3309 684 3354 anno
700 3289 816 3370 ortibus
838 3301 946 3370 supro.

410 3468 435 3534 1.
457 3465 762 3531 Cano.FararaR1
787 3465 902 3530 Pasas.

651 3600 674 3661 Ι.
690 3599 726 3663 Β.
746 3591 911 3664 AGNOZZI
935 3599 1141 3666 Secretarius.
1223 3619 1226 3628 ’
