2898 4776
630 584 858 637 carcasensem
1150 566 1193 632 55

242 720 296 764 seo
323 698 495 786 Presbyteri
516 697 554 764 ad
582 699 687 764 omnia
711 699 756 764 vel
782 700 927 788 pleraque
947 697 1098 780 Beneficia
1116 709 1145 763 et
1164 699 1239 764 etti-

240 787 287 856 cia
319 788 476 876 praedicta,
503 809 559 874 per
578 789 693 874 ipsum,
714 793 841 876 ejusque
863 809 1050 854 successores
1069 788 1248 856 Catholicae

240 877 358 964 Reges,
380 874 579 943 nominentu'r
599 889 628 942 et
654 891 888 963 praesententur,
914 877 1079 944 decreverit
1101 892 1131 941 et
1152 899 1243 942 cons·

243 968 376 1053 titoerit,
393 966 547 1053 praedictis
561 969 594 1035 S.
608 968 657 1032 Pii
673 970 711 1032 V.
727 968 920 1053 aliorumque
939 971 1155 1034 Romanorum·
1166 970 1246 1030 Pon·

244 1054 367 1120 tificum
388 1055 520 1120 lndirltis
542 1067 572 1120 et
593 1051 790 1120 facultatibds
815 1057 846 1120 in
866 1058 1001 1121 favorem
1028 1055 1242 1140 Regularium,
1322 1074 1328 1091 ·

243 1146 293 1208 rel
324 1146 409 1210 nullo
434 1145 540 1231 modo,
565 1146 612 1214 vel
637 1147 745 1210 saltem
782 1146 970 1229 parcissime,
999 1156 1029 1210 et
1054 1145 1086 1208 in
1115 1143 1191 1209 locis
1216 1157 1246 1208 et

243 1232 367 1300 casibus
388 1233 554 1309 dumtaxat,
579 1235 747 1321 inquibus
773 1235 876 1300 forsan
899 1233 1091 1299 saecularium
1110 1233 1243 1298 Clerico·

244 1343 318 1386 rum
338 1322 475 1389 delectus
499 1326 597 1408 reipsa
623 1324 787 1388 subsistere
804 1323 1013 1410 dignoscatur,
1039 1324 1246 1408 inposterum

246 1412 306 1498 uti3
338 1411 470 1500 ideoque
498 1413 618 1479 easdem
646 1414 763 1499 priores
789 1413 904 1477 litteras
935 1417 1072 1492 Nostrae,
1099 1432 1179 1475 novo
1206 1429 1246 1474 <ac

248 1514 399 1587 perpetuo
436 1502 681 1568 confirmationis
713 1507 830 1570 Nostrae
863 1503 1036 1566 munimine
1072 1500 1245 1584 roboratas,

247 1589 373 1658 uberius
397 1613 454 1677 per
478 1595 541 1658 Nos
565 1592 728 1671 declarari,
754 1602 797 1673 et,
821 1601 853 1654 ut
880 1591 972 1675 infra,
994 1611 1088 1674 super
1108 1590 1156 1654 his
1174 1609 1244 1674 pro·

247 1679 345 1744 videri
369 1679 533 1762 desideret;
559 1684 623 1754 Nos
644 1681 781 1769 ejusdem
805 1680 992 1747 Ferdinandi
1014 1680 1105 1766 Regis
1128 1677 1248 1764 suppli·

148 1820 149 1828 ,
249 1770 424 1836 cationibas
454 1770 604 1846 inclinati,
635 1771 830 1854 presentium
863 1781 980 1850 tenore,
1012 1784 1042 1832 et
1068 1770 1248 1834 auctoritate

253 1859 364 1939 simili,
390 1860 591 1946 primodietas
623 1863 749 1925 Nostrae
783 1859 975 1944 Apostolicas
1009 1859 1149 1939 Litteras,
1175 1878 1248 1921 eum

252 1948 399 2013 omnibus
424 1962 454 2014 et
478 1950 608 2035 singulis
633 1948 761 2015 decretis
782 1960 812 2012 et
835 1948 1095 2014 decimationibus
1120 1949 1152 2010 in
1174 1946 1252 2031 ipsis
1275 1995 1278 2002 ,

253 2038 417 2117 contentis,
442 2051 471 2104 et
498 2039 658 2127 expressis,
688 2052 838 2124 perpetuo
866 2037 1101 2115 confirmamus,
1131 2059 1165 2100 ac
1189 2037 1247 2100 ite·

251 2136 316 2190 rato
345 2129 530 2208 Apostolieae
563 2129 752 2194 auctoritatis
781 2132 903 2194 ,Nostrae
932 2127 1043 2191 robore
1070 2125 1250 2190 communi·

253 2235 334 2296 mns;
365 2216 574 2301 decernentes,
595 2220 720 2282 necllum
740 2220 774 2282 in
793 2223 958 2299 posteram
971 2218 1044 2302 jus,
1073 2217 1251 2300 nullamque

252 2305 405 2370 actionem
432 2319 485 2371 aut
507 2308 725 2393 exceptionem,
753 2308 783 2370 in
804 2307 866 2370 vim
891 2304 1104 2392 praedictarum
1123 2304 1258 2368 Littera·
1338 2307 1341 2315 '

254 2414 324 2457 rum
357 2396 412 2459 Sti.
436 2400 483 2462 Pii
511 2401 600 2482 Papa
620 2400 660 2465 V.
688 2396 892 2482 aliarumque,
922 2405 955 2457 ut
982 2393 1151 2480 supra,iab
1185 2392 1253 2455 aliis

253 2485 403 2574 Romanis
431 2486 634 2552 Pontificibus
663 2486 828 2567 editarum,
863 2484 1015 2571 praedictis
1048 2481 1253 2570 Regularibus

254 2586 442 2658 competere,
467 2588 500 2641 ut
524 2578 585 2642 sive
609 2578 638 2640 in
661 2578 804 2662 petitorio
828 2575 962 2661 judicio,
991 2575 1052 2638 sive
1078 2574 1108 2636 in
1131 2593 1254 2658 posses-

255 2665 352 2747 sorio,
378 2666 557 2748 privativam
575 2668 752 2732 facultatem
769 2664 944 2748 oblinendi,
970 2676 999 2728 et
1017 2660 1253 2728 administrandi

256 2753 437 2834 Paroelrias,
464 2769 493 2818 et
518 2757 682 2819 Docti-inas
697 2754 893 2842 hujusmodi,
914 2754 1034 2839 aliaque
1053 2752 1163 2817 Officia
1182 2753 1256 2814 Ani·

255 2861 375 2913 marum
400 2847 513 2908 Caram
539 2847 767 2922 concernentia,
785 2844 857 2923 sibi,
880 2842 1003 2928 suisque
1020 2840 1190 2905 Ordinibus
1209 2861 1253 2902 as·

255 2952 367 3014 serere,
395 2946 446 2996 aut
468 2957 499 2998 se
523 2933 553 2998 in
578 2934 760 3021 illarumque
782 2935 968 3017 illorumque
985 2931 1162 3016 possesione
1180 2949 1257 3007 eon-

257 3018 359 3084 fovere
384 3023 515 3108 possint;
540 3022 593 3087 sed
623 3033 683 3088 tam
709 3047 773 3103 eos,
799 3023 852 3110 qui
881 3043 963 3084 nune
980 3020 1160 3102 Paroquias‚
1176 3020 1263 3081 Doc-

258 3109 367 3190 trinas,
394 3125 423 3175 et
443 3113 543 3178 ol'licia
570 3112 693 3198 praelata
717 3113 868 3191 obtinent,
898 3111 989 3194 quani
1014 3109 1127 3195 (peribus
1153 3107 1258 3170 forsan

262 3198 293 3262 in
320 3213 477 3284 posteram
503 3201 655 3288 ejusmodi
681 3206 790 3267 Curata
816 3196 1030 3280 Benelicia,'et
1049 3197 1171 3278 Officia,
1194 3218 1265 3259 ser-¹

263 3288 337 3352 vatis
360 3289 397 3354 de
426 3293 495 3377 jure
520 3292 687 3374 servandis,
718 3291 881 3372 committi,
907 3300 936 3352 et
957 3287 1136 3354 demandari
1159 3285 1255 3350 eonti-

263 3377 352 3461 gerit3
379 3389 536 3467 tamquam
570 3381 608 3446 ad
640 3394 749 3446 nutum
779 3379 972 3458 amoribileS,
1006 3401 1093 3464 posse
1123 3388 1188 3438 tum
1218 3373 1257 3438 ab
1304 3401 1306 3408 ·

264 3466 439 3554 Episcopis,
471 3473 599 3558 aliisque
627 3473 768 3536 locorum
802 3467 984 3539 Ordinariis,
1026 3480 1089 3531 tum
1124 3465 1214 3528 etiam
1242 3468 1259 3526 ei

265 3557 400 3641 propriis
425 3562 615 3647 regularibus
639 3561 867 3648 Seperioribns,
888 3558 978 3642 justis
1006 3552 1264 3620 concurrentibus

264 3647 374 3728 causis,
396 3648 504 3734 (super
524 3675 656 3738 quarum
676 3650 869 3715 subsistentia
890 3648 1016 3710 illorum
1041 3645 1259 3708 conscientiam

262 3753 439 3816 oneramus,
461 3740 513 3804 sed
538 3763 706 3827 numquam
731 3741 801 3804 illos
819 3738 857 3803 ad
877 3758 984 3800 eorum
1009 3734 1258 3810 declarationem,

263 3833 316 3886 ant
346 3826 583 3896 verificatiunem
616 3827 760 3915 compelli
794 3850 883 3912 posse
917 3827 1058 3888 volumus
1091 3835 1121 3888 et
1153 3822 1261 3886 decer·

264 3913 397 3999 nimus),
424 3916 464 3979 ab
490 3917 671 3982 eorumdem
701 3918 935 3998 Paroclriarum,
975 3913 1199 3994 doctrinarum,
1233 3924 1263 3974 et

264 4003 440 4068 ciliciorum
465 4009 613 4094 regimine
636 4021 665 4073 et
690 4007 830 4074 exercitio
847 4005 1009 4086 revnnveri3
1031 4004 1186 4067 eveniente
1209 4021 1263 4062 au·

193 4134 199 4140 ·
249 4115 326 4166 tem
355 4099 538 4181 remotione,
555 4099 702 4186 *liberum
719 4097 793 4164 ,lore
821 4095 988 4162 Catholicis
1013 4092 1149 4180 Regibus
1183 4089 1266 4171 alios.
