2924 4770
267 565 330 626 l68
594 588 840 630 rusrrru‘rrunou
945 599 949 610 ·

134 771 135 778 ἵ
173 775 175 783 s
210 727 213 734 ¹
262 699 291 762 2.
340 698 476 774 Quando
497 698 652 764 indultum
675 694 884 787 quinquenale
902 698 1046 785 Episcopi
1071 699 1211 788 liabentai

215 790 245 850 S.
262 789 358 872 Cong.
377 786 414 851 de
434 810 523 874 prop.
546 789 619 853 Fide
639 791 845 876 conrplectens
869 793 907 854 tt
929 807 1083 866 numeros,
1106 801 1151 853 [ι.0
1170 795 1213 854 ll)

216 875 385 940 concedens
405 877 579 942 facultatem
611 878 789 944 absolvendi
826 877 865 942 ab
900 877 1046 941 omnibus
1081 879 1212 958 casibus,

110 967 114 976 '
213 965 308 1036 etiam
328 967 498 1050 specialiter
523 970 677 1032 reservatis
703 973 796 1034 Rom,
822 966 975 1042 Pontilici,
999 979 1122 1049 excepto
1142 989 1211 1031 casn
1247 961 1250 972 ⁵

213 1053 395 1118 absolventis
414 1058 611 1140 complicem,
640 1057 779 1143 nunquid
805 1057 890 1120 illam
916 1068 1043 1141 possunt
1065 1055 1207 1143 delegare

212 1143 244 1204 in
269 1142 364 1207 Gallia
387 1158 418 1208 et
440 1147 470 1208 in
492 1149 613 1231 Europa
639 1169 695 1231 pro
716 1169 785 1209 casu
809 1147 913 1208 saltem
931 1145 1093 1230 peculiari?
1114 1147 1152 1229 ita
1179 1157 1224 1207 ut·

212 1253 274 1294 non
300 1233 338 1298 sit
360 1235 561 1298 necessarium
598 1247 630 1298 ut
656 1236 806 1320 poenitens
829 1234 916 1299 adeat
948 1235 1133 1319 Episcopum
1168 1234 1213 1318 ip·

211 1343 293 1402 sum,
320 1322 459 1407 quamvis
483 1324 512 1386 in
538 1348 567 1386 n.
594 1330 630 1388 ll
656 1325 768 1390 indulti
790 1324 829 1388 sit
851 1325 913 1387 haec
937 1325 1085 1408 clausula:
1115 1326 1208 1386 Conr-

137 1443 139 1448 ·
210 1411 390 1474 rnurricandi
412 1412 463 1476 has
482 1413 639 1477 facultates
660 1414 690 1478 in
718 1425 815 1504 totum
841 1415 887 1476 vel
911 1413 941 1474 in
964 1409 1093 1496 partem.
1118 1425 1211 1497 prout

168 1501 170 1505 ’
210 1519 289 1582 opus
313 1522 376 1564 asse
398 1502 568 1566 secundnm
600 1505 667 1589 ejus
694 1504 912 1566 conscientiam
936 1501 1129 1586 indicaverit,
1161 1523 1208 1564 sa·

210 1587 385 1654 cerdotibus
419 1591 538 1656 idoneis
575 1593 605 1654 in
636 1593 832 1656 conversione
863 1591 1035 1654 animarum
1067 1589 1210 1662 laboranf

84 1703 87 1714 ¹
170 1711 172 1718 ·
209 1677 303 1760 tibus,
329 1678 359 1741 in
384 1679 458 1743 lucis
479 1683 597 1744 tantum
620 1682 672 1745 ubi
694 1681 875 1767 prohibetur
899 1679 1075 1744 exercitium
1099 1680 1210 1742 catho-

201 1766 276 1832 licae
302 1769 477 1852 religionis.

216 1905 230 1938 .·
252 1859 306 1918 5.⁰
352 1859 456 1921 Posito
494 1859 577 1948 quod
614 1859 748 1943 negative
786 1857 1032 1944 respondeatur,
1058 1856 1132 1943 quid
1182 1857 1206 1920 si

108 2019 113 2028 ,
169 1982 173 1993 ·
207 1945 367 2028 poenitenti
404 1947 595 2029 impossibile
624 1947 772 2018 situdire
797 1948 985 2034 Episcopum
1012 1946 1071 2014 talc
1104 1946 1209 2011 indul·
1235 1939 1269 1998 '·

206 2043 273 2112 tum
301 2034 479 2100 habentem?
1129 2089 1131 2095 Α

252 2125 283 2188 lt.
334 2125 465 2200 Quando
487 2127 571 2192 sedes
605 2126 788 2212 episcopalis
819 2135 913 2202 vacat,
938 2121 1098 2210 numquid,
1119 2123 1210 2186 Vica-

153 2219 163 2275 ’ζ
210 2211 273 2275 rius
296 2213 472 2296 capitularis
505 2227 603 2302 potest
626 2218 856 2280 communicare
878 2215 1035 2277 facultates
1057 2214 1211 2298 quinque-

207 2304 313 2366 nnales
336 2302 488 2390 Episcopo
502 2319 605 2371 arnotu
622 2307 666 2370 vel
687 2305 833 2370 defuncto
855 2325 1012 2368 concessas
1033 2323 1086 2386 per
1107 2302 1208 2386 indul·

204 2402 270 2453 tum
296 2395 325 2454 S.
346 2395 583 2460 poenitentiarius
607 2396 651 2458 vel
671 2393 918 2480 congregationis
940 2391 978 2454 de
1003 2390 1210 2474 Propriae?

250 2483 281 2543 5.
332 2483 461 2556 Quando
496 2484 695 2549 missionario·
721 2483 856 2548 occurrit
889 2482 1038 2567 poenitens
1071 2484 1226 2544 censuris.

203 2567 383 2652 innodatus,
410 2582 439 2634 et
463 2576 613 2638 transiens
639 2573 750 2654 obiter,
780 2574 818 2635 ita
847 2583 879 2633 ut
903 2569 1114 2633 missionarius
1145 2590 1207 2632 non

204 2657 301 2739 possit
327 2657 436 2722 iterum
460 2664 657 2746 poenitentem
684 2662 798 2741 videre,
832 2659 972 2745 nunquid
993 2656 1119 2740 sufficit,
1147 2679 1202 2741 po-

204 2746 262 2806 situ
295 2768 364 2809 casu
401 2753 571 2836 urgentiori
598 2751 813 2825 absolutionis
839 2747 955 2834 exigere
990 2753 1006 2810 a
1043 2747 1207 2830 poenitentc

149 2831 156 2845 ⁶
203 2837 439 2919 promissionem
455 2841 619 2916 scribendi,
636 2841 757 2904 tacitnsi
775 2840 838 2902 vult
854 2839 991 2920 nomine,
1009 2835 1046 2899 ad
1063 2840 1093 2900 S.
1108 2838 1208 2901 Poani-

202 2925 375 2988 tentiariam
397 2929 474 2992 intra
499 2953 647 3004 mensem,
672 2943 701 2992 et
720 2930 819 2994 standi
845 2928 927 2992 illius
947 2925 1111 3006 mandatis,
1130 2927 1204 3011 quin
1246 3009 1248 3014 Ι

203 3013 407 3078 confessarius
431 3018 494 3104 ipse
518 3019 649 3083 scribat?
1134 3097 1138 3101 ι

244 3105 279 3168 6.
327 3108 449 3190 Utrum,
479 3119 541 3171 tuta
571 3108 756 3173 conscientia
782 3106 930 3170 doceatur
961 3113 996 3182 ,et
1032 3105 1063 3166 in
1087 3101 1204 3188 praxim

201 3189 383 3276 deducatur,
410 3207 443 3260 ut
463 3197 589 3284 qnidam
612 3198 728 3274 volrrnt,
754 3209 879 3281 propter
905 3192 1089 3256 hodiernum
1120 3192 1203 3276 peri·

201 3280 306 3344 culum
332 3305 368 3346 nc
392 3289 568 3369 aperiantur
589 3287 725 3370 epistolae
746 3290 761 3348 al
786 3295 930 3368 potestate
950 3281 1045 3364 cirili,
1073 3303 1134 3346 non
1158 3281 1201 3344 ri·

200 3370 283 3456 quiri
305 3373 482 3458 ctepistola
512 3376 550 3439 ad
571 3381 744 3457 ¹Summum
775 3374 958 3438 Pontiliceua
985 3369 1136 3456 dirigatur
1170 3371 1200 3432 in

199 3459 320 3523 casibus
347 3464 586 3546 urgentioribus,
610 3467 653 3529 vel
676 3462 801 3549 qnando
826 3461 904 3525 adiri
929 3459 1033 3546 nequit
1060 3463 1155 3543 Papa.

243 3551 276 3612 7.
324 3551 428 3615 Posito
449 3553 533 3638 quod
557 3576 617 3616 non
641 3552 807 3638 requiritur
825 3551 952 3636 epistola
973 3549 1011 3612 ad
1038 3551 1200 3612 Summum
1265 3587 1269 3597 ·

197 3637 392 3722 Pontificem,
423 3643 563 3730 nunquid
590 3642 756 3728 requiritur
777 3641 904 3726 epistola
925 3637 1037 3702 directa
1055 3637 1093 3701 ad
1111 3637 1202 3721 Epis·
1293 3687 1306 3724 .·

197 3747 323 3810 copam,
350 3740 448 3794 stante
468 3731 526 3796 hoc
545 3731 676 3818 generali
702 3731 852 3815 periculo,
874 3727 1041 3816 pracsertim
1073 3725 1198 3813 qnando
1274 3802 1277 3812 A

196 3815 296 3900 agitur
319 3817 356 3881 de
375 3819 568 3886 absolutione
594 3821 767 3906 complicis,
803 3841 870 3908 quae
908 3817 997 3880 etiam
1035 3814 1200 3900 perfidiose

197 3901 312 3968 detecta
334 3918 363 3969 et
386 3910 511 3973 revelata
536 3911 714 3974 scandulum
735 3931 879 3996 generare
899 3917 1009 3994 potest.

241 3997 279 4058 R.
302 3994 350 4060 dd
374 4001 406 4066 l.
430 4001 603 4086 Negative„
1245 4069 1246 4072 ,

239 4083 287 4150 Ad
322 4089 355 4150 2.
393 4090 425 4158 5.
463 4103 493 4152 et
519 4093 552 4154 lt.
590 4091 701 4153 Orator
731 4085 954 4176 (Missionarius
978 4081 1031 4170 A.)
1055 4081 1198 4148 consulat
