2938 4770
254 533 318 596 tao
593 551 838 596 rnsrrrurronuir

187 639 329 730 'mittum
355 665 459 752 viginti
492 664 612 730 dierum
636 665 835 732 Defensorem
860 665 1036 746 constituat,
1062 663 1116 752 qui
1153 685 1204 752 ap·

208 755 334 840 probari
357 755 448 820 debet
467 755 509 819 nh
530 754 639 820 eadern
662 754 814 854 superiopi
837 756 1027 821 auctoritate.

670 935 748 999 XLI.

252 1069 392 1132 Decurso
415 1066 499 1132 dicto
532 1067 668 1131 termino
696 1066 908 1152 peremptorio
937 1066 1056 1154 absque
1086 1065 1208 1139 effectu,
1288 1087 1291 1095 ¹

209 1166 351 1224 censetur
372 1157 579 1243 appellantem
603 1157 751 1220 nuncium
777 1157 894 1220 misisse
913 1155 1128 1241 appellationis
1155 1160 1209 1220 Ite-

210 1244 331 1323 neiioio‘,
348 1253 384 1310 'et
407 1247 469 1310 haec
489 1259 710 1331 consequenter
731 1251 886 1331 perempto
908 1238 1081 1309 declaratur
1115 1248 1132 1307 d
1156 1266 1209 1307 su·

211 1335 323 1418 periuri
348 1335 540 1399 auctoritate.

674 1515 768 1576 XLII,

257 1649 360 1724 Quum
385 1646 551 1731 appellatio
575 1646 760 1730 producitur
785 1652 802 1712 a
823 1647 969 1712 sententia
998 1641 1129 1732 alicujus
1152 1648 1214 1710 Cu·

213 1737 265 1799 riae
299 1736 480 1820 episcopalis
504 1734 540 1797 ad
570 1737 857 1819 Metropolitanum,
880 1736 1135 1824 drclti'episcopus
1159 1756 1263 1818 pro.

115 1847 117 1854 ¹
213 1825 388 1912 cognitione
409 1837 444 1886 et
459 1822 619 1886 decisione
634 1829 737 1888 Causa
765 1827 903 1912 seqnitur
933 1847 1072 1889 normam
1107 1845 1215 1910 prooe-

213 1913 354 1978 nendilo
377 1913 433 1976 hac
453 1911 655 1978 instructione
677 1914 837 1982 traditum.

222 2077 526 2100 ..Ρ-...η-

212 2161 261 2214 ΧΙ.
301 2160 393 2215 Index
417 2160 521 2216 relator
547 2161 581 2216 de
603 2169 757 2232 totostoto
781 2179 876 2218 causan
895 2163 930 2218 ad
963 2161 1219 2216 Eminentissirnos

285 2231 384 2288 Patres
407 2232 502 2293 refert.
529 2237 556 2287 et
581 2233 752 2301 Procurator
781 2233 932 2290 Generalis
955 2233 1031 2288 Fisci
1056 2231 1141 2310 stabit
1169 2246 1218 2300 pro

179 2303 182 2314 '
272 2303 373 2359 'Curia
396 2303 571 2372 Episcopali,
596 2319 724 2376 suasque
737 2306 941 2364 conclusiones
961 2303 1135 2374 explanabit.

214 2373 279 2429 XII.
306 2375 388 2430 ¹Post
418 2375 477 2430 haec
506 2375 737 2432 Eminentiesimi
768 2378 868 2432 Patres
890 2377 1038 2447 judiciuin
1061 2375 1218 2444 proferent,

204 2450 205 2453 ’
286 2446 459 2502 sententiam
483 2445 576 2502 (turta
598 2448 776 2518 Episcopalis
799 2457 848 2504 aut
873 2447 1084 2515 confirmando,
1108 2453 1157 2500 ant
1172 2447 1217 2499 in-

287 2518 434 2581 firmando
449 2525 497 2572 aut
519 2519 607 2573 etiarn
631 2519 826 2576 reformando.

214 2588 295 2643 XIII.
338 2589 451 2644 Prolata
472 2590 623 2646 Sententia
646 2606 788 2646 unacum
815 2588 951 2647 omnibus
965 2589 1050 2645 'Actis
1070 2602 1162 2652 causae
1185 2585 1224 2639 ad-

288 2659 388 2714 eadem
418 2659 535 2715 Curiam
566 2662 767 2732 Episcopalent
800 2663 968 2728 remittitur,
998 2667 1028 2716 ut
1056 2674 1120 2723 earn
1151 2673 1220 2711 exe—

308 2736 399 2787 uatur.
707 2749 711 2761 ¹
774 2748 777 2754 ·
1024 2768 1027 2772 ·
1105 2737 1107 2744 ⁴

216 2745 305 2857 XIVI
331 2805 441 2870 Revisio,
464 2817 512 2856 sen
534 2804 694 2871 recognitio
713 2806 760 2860 'rei
781 2805 916 2874 judlcatae
947 2791 1007 2859 nori
1039 2800 1220 2866 conceditur,

289 2873 346 2928 nisi
370 2873 430 2943 ejus
456 2875 616 2929 tribuendae
641 2879 796 2944 potestasa
819 2876 977 2932 Sanctitate
1000 2873 1061 2928 Sua
1080 2873 1154 2928 lacte
1168 2872 1224 2942 lue»

290 2946 334 3008 rit,
362 2952 389 2999 et
413 2943 526 3000 subsint
545 2946 718 3015 gravissima
743 2963 844 3008 causae.
867 2961 951 3017 super
961 2945 1065 3026 quipus
1082 2942 1235 3016 segnities
1277 2997 1284 3004 ,

289 3023 317 3072 et
333 3015 476 3084 jndiciurn
497 3017 532 3072 ad
555 3017 672 3086 plenam
692 3018 954 3088 Oongregationern
974 3017 1132 3086 pertinent.

218 3088 284 3145 XV.
324 3087 425 3143 Sclant
446 3089 571 3157 denique
594 3087 686 3144 Curiae
707 3089 892 3160 Episcopales
916 3105 965 3158 per
988 3087 1159 3142 novissimas
1179 3083 1221 3164 Ie·

289 3174 348 3228 ges,
373 3173 435 3227 quae
449 3160 484 3214 ad
503 3160 709 3229 investiganda,
730 3161 941 3218 etcooereonda
956 3160 1079 3216 crimina
1094 3172 1145 3227 pro
1161 3155 1222 3210 Tri·

291 3229 445 3286 cunalibus
469 3229 550 3286 laicis
575 3231 760 3301 promulgatae
779 3239 857 3300 sunt,
883 3231 959 3287 nihil
978 3232 1132 3286 detractum
1161 3241 1222 3282 esse

290 3302 325 3356 de
345 3301 455 3358 formis.
480 3310 508 3356 et
530 3302 635 3370 regulis
657 3303 824 3370 Canonicis,
843 3320 914 3374 quas
933 3303 1053 3373 proinde
1069 3300 1149 3369 sequi
1164 3311 1222 3352 onr-

292 3374 364 3427 nino
396 3374 511 3438 debent,
545 3389 604 3430 non
634 3375 719 3430 modo
750 3377 781 3429 ln
808 3376 990 3430 conficiendo
1014 3385 1157 3443 processu,
1189 3368 1224 3424 ad

290 3459 375 3514 quern
399 3451 528 3515 spectant
553 3445 611 3499 lraec
630 3445 717 3500 verba
741 3446 833 3501 Edisti
851 3447 900 3501 die
919 3443 1121 3502 5Novemb'ris
1140 3440 1222 3500 1831.

291 3519 403 3567 -Nittt
418 3521 560 3582 innovetur,
580 3527 702 3583 quantum
720 3523 755 3569 ad
759 3522 858 3584 judicia
872 3522 1026 3570 ecclesiastica
1031 3520 1220 3583 pertinet-vo·

293 3602 355 3642 rurn
377 3589 464 3644 etiarn
480 3588 511 3641 in
532 3587 625 3655 penis
646 3589 846 3653 decernendis,
864 3587 1105 3658 qrrernadrnodnm
1122 3587 1152 3639 in
1172 3598 1223 3648 ap·

293 3659 414 3728 penditio
434 3659 561 3728 ejusdem
586 3659 679 3714 &dicti
701 3661 741 3714 ila
757 3669 873 3716 callium
894 3663 1127 3716 est-Tridunalia
1140 3660 1223 3724 juris-

292 3734 403 3781 dictionis
429 3735 513 3783 mixtoe
551 3731 661 3794 Clericus,
696 3743 719 3784 et
749 3736 871 3784 Personas
896 3734 1061 3784 ecclesiasticas
1080 3734 1112 3780 iis
1141 3731 1223 3795 pranis

293 3805 452 3865 mulctabant,
474 3821 536 3868 quas
558 3807 691 3855 secundum
712 3805 832 3875 Cenones,
852 3814 875 3856 et
899 3806 1088 3855 constitutiones
1117 3802 1224 3868 Aposto-

293 3877 352 3924 licat
382 3876 506 3926 Tribunal
519 3875 716 3926 Ecclesiasticum
732 3881 818 3929 iisdem
842 3881 1011 3943 erogaret.—

507 4016 509 4020 .
556 3985 583 4065 J.
599 3985 642 4048 Α.
657 3985 768 4049 Ceno.
785 3986 880 4050 Sane
892 3987 1118 4050 Panormus.
1185 4039 1192 4046 ,

493 4093 495 4096 ’
532 4093 550 4141 Ι.
576 4091 725 4142 Patrlarclta
745 4091 1048 4160 Gortstnntinopolitanus
1069 4088 1141 4138 Seer.
