2898 4776
261 561 304 624 d2
573 574 836 630 ,rusrrrnrronuu

218 689 304 754 Trid.
333 687 450 753 decreta
473 710 529 753 ses.
564 692 597 754 7.
626 710 653 754 c.
674 691 710 750 7:
740 687 915 752 «Beneficia
938 688 1138 760 ecclesiastica
1159 711 1217 752 cu.

220 791 296 862 rata,
325 801 392 864 quac
423 775 661 853 cathedralibus,
684 777 868 860 collegiatis,
895 800 945 840 seu
972 778 1039 840 aliis
1068 777 1215 855 ccelesiis,

220 871 265 932 rel
282 867 497 943 monasteriis,
531 866 702 945 beneliciis,
728 889 779 930 scu
804 866 951 950 collegiis,
977 879 1030 929 ant
1053 866 1111 950 piis
1143 867 1217 929 locis

219 957 465 1044 quibuscruuqne
496 967 645 1040 perpetuo
678 955 775 1035 unita,
812 967 842 1018 et
865 977 978 1018 annena
1008 956 1218 1038 reperiuntur,

219 1047 257 1110 ab
277 1046 449 1110 Ordinariis
467 1046 607 1108 locorum
630 1045 718 1110 annis
739 1044 867 1128 singulis
888 1044 1059 1108 visitentur:
1083 1045 1135 1129 qni
1167 1067 1217 1107 so-

219 1135 303 1200 licite
319 1133 480 1218 providere
497 1145 674 1218 procurent,
695 1145 727 1195 ut
749 1155 802 1217 per
823 1132 949 1196 idoneos
967 1133 1109 1212 vicarios,
1128 1133 1219 1196 ctiam
1281 1168 1283 1178 ν

219 1236 396 1310 perpetuos,
435 1222 491 1286 nisi
521 1223 594 1308 ipsis
622 1221 796 1286 Ordinariis
824 1244 881 1305 prro
912 1221 996 1285 bono
1021 1223 1221 1286 ecclesiarum

220 1313 368 1398 regimine
383 1312 470 1376 aliter
486 1311 627 1396 expedire
643 1311 806 1386 ridebitur,
828 1311 866 1375 ab
884 1311 927 1374 eis
943 1333 1013 1374 eum
1037 1312 1133 1374 tertiae
1151 1333 1222 1395 par-

218 1403 256 1466 tis
277 1404 449 1479 fruetuum,
476 1415 528 1464 ant
552 1401 676 1486 maJori,
702 1401 748 1464 vel
774 1399 901 1482 minori,
923 1401 1052 1464 arbitrio
1081 1402 1221 1486 ipsorum
1255 1437 1260 1442 -

219 1491 468 1566 Ordinariorum,
501 1491 653 1574 portione,
671 1491 760 1552 etiarn
789 1511 881 1574 snper
901 1501 981 1552 certa
1006 1512 1037 1552 rc
1062 1491 1229 1574 assignari:

219 1581 270 1665 da,
289 1580 403 1644 ibidem
424 1579 625 1664 deputandos
643 1579 817 1642 animarum
837 1601 910 1642 eura
930 1577 1127 1642 laudabiliter
1144 1601 1222 1642 excr-
1250 1612 1254 1620 ι

219 1683 333 1738 ceatur:
357 1669 630 1754 appellationibus,
653 1669 832 1752 privilegiis,
852 1667 1109 1750 exemptionibus,
1131 1670 1221 1730 otiam

221 1783 291 1824 cum
306 1759 446 1847 judicum
467 1757 676 1844 deputatione,
692 1769 721 1819 et
739 1757 865 1826 ilerum
890 1755 1130 1820 inhibitionibus
1154 1759 1220 1842 qut-

219 1849 410 1934 buscumque
447 1849 476 1910 in
510 1846 674 1930 prontissis
706 1848 835 1910 minime
870 1845 1147 1930 suffragantibus.»

267 1943 323 2004 «In
349 1935 554 2013 monasteriis
583 1959 634 1999 seu
666 1933 811 2000 domibus
839 1936 989 2016 virorum,
1020 1957 1070 1997 scu
1107 1937 1221 1998 mulie-

220 2049 300 2104 rum,
326 2026 439 2112 quibus
467 2027 610 2091 imminet
634 2025 807 2090 animarum
837 2047 911 2088 cura
937 2046 1140 2109 personarum
1168 2047 1222 2086 nr-

220 2117 384 2200 cularium,
408 2126 599 2200 praetereas,
626 2137 684 2200 qne
708 2125 779 2178 suut
803 2113 841 2177 dc
867 2113 993 2176 illorum
1016 2117 1219 2178 rnornrsterio-

220 2229 303 2286 rum,
320 2227 374 2268 scu
395 2205 534 2268 locorum
553 2205 683 2278 tunultu,
702 2226 851 2289 personae,
871 2213 922 2267 tan
942 2203 1108 2284 regulares,
1127 2223 1220 2288 qnam

219 2295 390 2369 seaculares,
423 2293 600 2380 hujusmodi
627 2315 733 2370 curam
765 2305 950 2374 exercentes,
976 2292 1097 2356 subsint
1124 2294 1222 2355 ininc-

220 2385 300 2448 diate
324 2387 353 2447 in
380 2382 425 2458 iis,
450 2405 517 2467 quac
544 2383 582 2446 ad
609 2381 722 2446 dictam
748 2403 868 2463 curam,
902 2395 931 2444 et
954 2386 1220 2445 Sacrarnentornrn

218 2473 519 2538 administrationem
546 2472 708 2557 pertinent,
737 2469 959 2557 jurisdictioni,
993 2471 1171 2552 visitationi,
1195 2484 1225 2532 ct

220 2561 403 2626 correctioni
430 2561 588 2646 Episcopi,
626 2559 655 2623 in
689 2562 777 2646 cujus
808 2560 931 2623 dimensi
959 2571 1030 2622 sunt
1058 2560 1126 2626 sita.
1162 2563 1222 2622 Nec

221 2652 264 2716 ibi
284 2650 392 2736 aliqui,
422 2649 513 2714 ctiam
537 2649 575 2712 ad
604 2660 712 2712 nutum
738 2649 920 2713 amoribtles
945 2649 1140 2732 deputentnr,
1165 2649 1222 2712 nisi

220 2741 258 2804 de
276 2739 413 2825 ejusdcm
443 2759 607 2819 consensu,
623 2760 657 2802 ae
677 2739 781 2823 pretio
809 2739 957 2815 examine,
985 2759 1039 2822 per
1065 2761 1145 2813 cnm,
1168 2750 1219 2801 ant

222 2834 288 2917 ejus
310 2828 458 2894 ricarium
486 2827 661 2892 faciendo.»
692 2831 755 2894 See.
784 2830 840 2908 25,
870 2850 897 2894 e.
925 2833 977 2893 tt.

265 2924 306 2983 ln
331 2918 443 3004 quibus
473 2928 591 2982 constat
619 2917 767 3002 parochos
792 2918 883 2980 etiam
915 2918 1067 3002 regulares
1090 2915 1222 3000 pandere

221 3009 354 3095 quodam
371 3012 440 3092 jure
458 3006 667 3092 perpetuitatis
691 3008 748 3070 late
770 3017 905 3090 sumpto,
926 3028 980 3068 nce
1001 3017 1140 3090 possunt,
1165 3007 1220 3067 nisi

221 3123 254 3162 cr
276 3097 450 3161 rationabili
475 3119 577 3175 cansa,
596 3096 743 3170 amoveri,
767 3107 801 3158 ut
821 3094 948 3158 habetur
974 3098 1048 3178 Cap.
1077 3095 1165 3162 bnic,
1186 3095 1222 3156 dc

221 3187 336 3274 Capell.
355 3184 502 3251 blonnch.
530 3187 560 3248 in
581 3189 646 3263 or,
671 3195 700 3247 ct
723 3183 864 3248 linuntur
889 3184 1106 3247 constitutione
1131 3206 1223 3267 apus=

220 3279 311 3340 tolica
336 3274 452 3338 Boned.
481 3277 560 3340 XIV.
592 3277 688 3340 «Cum
717 3273 825 3356 alias»,
853 3283 880 3336 et
907 3273 1020 3357 patebit
1042 3273 1163 3358 plcuius
1189 3297 1221 3334 er

222 3364 432 3452 sequentibus.

266 3460 298 3520 d.
347 3452 512 3518 Conversio
533 3453 732 3537 paroeciarum
759 3452 789 3514 in
811 3451 972 3534 beneficia,
994 3465 1023 3514 ot
1046 3451 1222 3515 inamorili·

221 3559 265 3608 tas
293 3542 499 3628 parochorum
526 3540 767 3618 be'ncficialium,
791 3541 909 3604 decreta
935 3545 949 3603 t
975 3541 1058 3604 Trid.
1087 3563 1145 3603 scs.
1180 3543 1216 3602 tr

222 3655 291 3718 cap.
321 3635 353 3694 6:
382 3632 479 3708 «Quia
505 3630 667 3716 illitterati,
697 3641 726 3693 et
753 3631 886 3715 imperiti
913 3628 1138 3714 parochialium
1178 3651 1223 3690 cr·

222 3722 386 3787 elesiarnm
417 3731 548 3784 rectores
570 3719 663 3783 saeris
691 3719 794 3782 miuus
817 3721 877 3804 apti
901 3731 972 3780 sunt
991 3719 1102 3798 oliciis;
1125 3729 1152 3781 ct
1172 3717 1224 3779 alii

221 3821 473 3898 proptcrlcornm
493 3810 559 3873 vitre
576 3809 798 3894 turpitudinem
818 3811 918 3894 potitus
936 3807 1108 3888 destruunt,
1130 3829 1222 3892 qutun
1296 3817 1299 3826 ’

222 3899 389 3981 aedificant,
424 3899 581 3984 Episcopi,
615 3901 705 3962 ctiam
738 3911 894 3984 tamquam
927 3898 1110 3982 Apostoliru
1145 3896 1223 3959 sedis

224 3989 367 4074 delegati,
403 3989 518 4052 eisdem
547 3989 719 4064 illitteratis,
752 4000 780 4052 ct
816 3988 977 4071 imperitis,
1009 3989 1032 4049 si
1054 3989 1137 4056 ,alias
1167 3987 1224 4047 bo·

226 4091 317 4144 nostae
344 4077 411 4141 ritae
434 4080 493 4142 sint
519 4078 632 4166 (Cone.
659 4077 755 4142 Tolct.
783 4077 865 4143 titt.
897 4079 1013 4142 tlunon.
1045 4077 1106 4161 8),
1133 4073 1223 4138 coad-
