2898 4776
259 564 305 628 ¹5¹8
585 585 836 638 tnsrrrurtonnu

213 696 318 785 elque
342 698 387 764 los
408 719 570 764 remirevau
589 721 683 766 corno
709 701 736 764 cl
758 723 819 786 que
838 701 884 769 los
904 701 1057 788 ¹obliguen
1080 705 1101 766 si
1127 697 1211 788 sirje·

212 799 292 858 tarse
314 790 330 852 d
355 788 401 851 los
423 787 620 857 ttrdinarius.
648 791 730 854 Pero.
749 789 789 854 -de
812 791 883 876 aqui
905 814 936 856 se
962 805 1044 860 tonia
1075 813 1133 858 una
1160 813 1210 856 ra·

214 880 270 940 nbn
298 876 467 944 luertislma
492 887 597 943 contra
622 879 649 942 al
672 878 814 966 desiguio
838 879 875 946 de
898 881 942 944 los
967 883 1096 946 caisinos
1120 903 1211 965 regu·

217 965 309 1042 lares,
338 988 398 1052 que
427 967 489 1030 han
514 965 640 1030 tomedo
666 971 681 1032 d
707 973 839 1052 emporio
861 968 887 1034 el
914 969 1117 1035 contrariarln
1141 969 1214 1034 todo

213 1075 334 1139 parque
361 1076 401 1118 no
432 1077 463 1120 ae
496 1057 653 1142 malogren
678 1079 729 1120 sus
758 1057 834 1121 lines
862 1059 1072 1141 particulares.
1102 1057 1133 1122 Si
1167 1059 1213 1122 los

216 1141 400 1214 Ordinatios
420 1143 555 1212 intentcu
577 1147 727 1229 practicar
746 1146 773 1208 la
790 1146 886 1210 Visite
910 1147 948 1210 de
965 1149 1144 1231 Regulares,
1163 1147 1212 1210 in-

214 1231 450 1296 mediataureute
474 1253 505 1298 se
531 1255 656 1316 oponeu
682 1238 771 1313 dstos,
792 1235 912 1299 clamun
940 1259 957 1322 y
983 1237 1072 1300 dicon
1097 1257 1157 1322 que
1182 1258 1213 1299 es

189 1320 445 1404 ‚inconveniente
475 1321 502 1386 lo
533 1321 627 1388 Visite
634 1371 1205 1396 ...........

260 1413 349 1474 »Este
368 1409 500 1476 Prelado
521 1430 562 1476 uo
590 1411 716 1498 perdenti
742 1424 900 1477 momento
917 1435 953 1476 en
976 1414 1211 1499 runrplimicnto

210 1497 248 1562 de
273 1520 307 1562 su
331 1499 505 1586 obligacibn
526 1500 564 1565 de
582 1498 677 1567 llevar
699 1501 839 1566 adelante
858 1503 887 1566 lo
911 1505 1213 1580 convertendarum

151 1590 153 1597 ’
207 1610 244 1652 en
270 1587 394 1652 defensa
422 1587 459 1654 de
490 1611 525 1652 su
547 1590 761 1676 iurisdiecibn,
788 1613 878 1655 como
910 1613 947 1655 en
975 1591 1069 1656 orden
1100 1591 1128 1654 al
1156 1593 1211 1654 Se·

209 1677 343 1740 minaria
358 1678 582 1743 Eclesitsricos
601 1680 714 1752 lllunila
734 1686 785 1746 l.⁰
802 1679 839 1747 de
856 1679 991 1744 Octobre
1008 1679 1045 1745 de
1065 1683 1212 1747 4768-

213 1766 377 1832 Mentorial
405 1764 433 1834 al
457 1769 667 1854 trapiacus
692 1773 788 1832 Seiror
809 1772 848 1834 D.
875 1770 980 1834 cortus
1010 1771 1065 1833 lll.

145 1884 147 1895 ·
252 1858 350 1920 Nemo
381 1854 604 1934 seandslieetur
638 1857 797 1942 praedietis,
826 1857 1057 1944 Archiepisoopi
1086 1857 1199 1924 verbis.
1265 1856 1271 1874 '

206 1943 350 2010 Sciebant
374 1944 490 2030 optime
511 1947 677 2031 Regulares
695 1946 778 2032 quod
803 1959 872 2031 post
893 1946 1096 2012 visitationem
1122 1947 1203 2014 dirre-

205 2053 346 2100 cesanam
366 2045 493 2104 ventura
515 2047 579 2106 erat
597 2036 726 2100 Collatio
747 2036 913 2120 Canopica,
939 2048 968 2100 ct
993 2059 1063 2100 cum
1087 2059 1119 2098 ea
1145 2059 1203 2098 uo·

207 2143 279 2186 vum
307 2133 337 2186 et
369 2123 558 2210 completum
589 2128 644 2190 lus
678 2128 875 2190 Patronatus.
911 2126 1045 2190 Historia
1084 2137 1209 2196 testatur

205 2210 343 2297 quodsi
369 2214 453 2282 Deus
480 2213 642 2284 abscondit
665 2213 728 2278 brec
754 2217 770 2276 ai
800 2213 989 2296 sapientibus
1017 2226 1047 2278 et
1070 2214 1206 2300 pruden-

204 2299 301 2376 tibus,
328 2302 470 2367 revelavit
497 2325 529 2368 ea
559 2303 705 2389 parvulis.
736 2307 774 2366 V.
799 2303 933 2366 Historia
956 2303 993 2366 de
1021 2303 1047 2370 la
1077 2305 1205 2370 Provin-

204 2389 249 2454 ria
276 2390 325 2456 del
352 2394 436 2456 Smo.
460 2394 604 2472 Rosario,
634 2393 695 2460 loe.
724 2393 808 2461 citat.
841 2414 908 2476 cap.
937 2397 970 2459 ὅ.

246 2483 303 2552 Π.
350 2483 419 2548 lant
440 2503 512 2546 vero
531 2482 656 2550 ordines
683 2482 838 2568 regulares
860 2481 1030 2567 nequibant
1057 2482 1206 2546 visitatio·

203 2590 274 2632 nem
302 2559 507 2636 (lioeeesanam
538 2571 713 2651 admittere,
740 2593 776 2634 eo
801 2569 897 2656 quod,
922 2593 984 2634 non
1014 2570 1209 2636 obstantibus

202 2658 301 2720 Bullis
330 2657 495 2744 predictis,
527 2660 670 2746 vigebant
697 2659 855 2744 privilegia
884 2661 1071 2744 regularium
1101 2663 1205 2726 astu.

202 2747 260 2814 Pio
289 2749 325 2810 V.
355 2768 511 2823 concessa,
541 2761 573 2813 et
594 2749 723 2814 minime
752 2770 808 2834 per
835 2747 995 2833 praedictas
1019 2749 1124 2818 Bullas
1145 2751 1204 2812 Be-

202 2834 275 2900 ued.
300 2838 381 2900 XIV.
405 2848 554 2922 revocata,
584 2838 636 2902 ubi
659 2837 769 2904 Clerici
790 2836 952 2904 saeculares
971 2849 1000 2901 et
1014 2839 1201 2914 idoneiuon

202 2923 407 3006 obtruderent,
427 2937 462 2992 ut·
474 2925 631 3013 colligitur
650 2951 683 2992 ev
706 2933 733 3006 5.
755 2931 807 2994 l.⁰
825 2927 923 2991 Buttae
948 2928 1048 2994 «Cum
1069 2948 1204 3011 nupera,

103 3067 108 3082 .
202 3013 286 3102 quod
312 3027 392 3080 certe
420 3017 525 3082 locum
550 3016 682 3086 babebat
711 3017 742 3080 in
769 3015 816 3079 liis
844 3016 968 3095 insulis,
996 3028 1029 3080 ut
1050 3038 1083 3079 er
1104 3015 1204 3079 serbis

202 3105 277 3170 dicti
304 3103 538 3192 Artlriepisoopi
569 3117 698 3172 constat.
725 3104 845 3169 Potiori
876 3105 1001 3170 ratione
1026 3127 1087 3170 non
1116 3117 1204 3190 pote-

203 3207 272 3259 rant
290 3193 450 3259 admittere
475 3196 660 3260 Canouioum
683 3193 907 3262 institutionem
936 3204 964 3256 et
999 3193 1203 3260 collationem

201 3282 433 3371 parochiarum,
455 3295 557 3372 utpote
586 3285 771 3350 contrariam
806 3283 940 3368 generali
965 3282 1151 3367 discipliuae,
1175 3293 1203 3344 et

201 3373 364 3438 adversum
388 3381 481 3440 totam
510 3374 620 3438 seriem
647 3371 809 3438 Bullarum
834 3392 911 3456 quas
936 3372 1106 3438 invocabat.
1135 3373 1203 3455 Egit

200 3485 276 3550 ergo
306 3469 413 3526 eontra
437 3463 509 3547 jura
531 3463 720 3550 regularium
749 3458 914 3545 praedictus
938 3461 1068 3542 Praesul,
1100 3459 1201 3546 subji-

200 3550 496 3635 ciendorcgulures
526 3551 691 3616 visitationi
718 3549 911 3634 discessores,
947 3552 1060 3637 etegit
1094 3561 1200 3614 contra

199 3652 307 3706 stetu-ta
334 3639 495 3707 Bullarum
524 3638 754 3726 predictarum,
775 3641 818 3702 eis
853 3636 1043 3724 imponendo
1069 3639 1210 3702 Canopi-i

199 3751 268 3800 oum
298 3728 506 3802 collationem.
539 3731 607 3806 Qua
642 3750 704 3794 nou
735 3727 884 3804 obstante,
911 3729 1043 3794 Parochi
1081 3726 1201 3813 regula-

200 3841 263 3972 νῇ,
279 3817 345 3903 jam
364 3817 449 3904 inde,
465 3817 503 3882 ad
524 3828 633 3884 nutum
654 3819 855 3884 Praelatorum
873 3817 1062 3904 regularium
1081 3839 1203 3903 semper

200 3930 217 3974 a
253 3916 392 3974 arentur.

244 3999 307 4079 ta,
349 3998 427 4063 Cum
456 4015 528 4082 ergo
553 3995 583 4060 in
616 3995 803 4082 quibusdam
831 3995 911 4058 locis
935 3995 965 4060 in
999 4015 1103 4058 casum
1137 3994 1201 4057 ive·

200 4088 263 4154 rint
280 4083 438 4173 privilegia
465 4080 522 4154 Sti.
549 4084 598 4152 Pii
620 4089 677 4172 V.,
703 4106 822 4151 necesse
850 4094 893 4148 est
921 4084 950 4150 in
966 4087 1017 4171 jus
1037 4105 1202 4150 commuue
