2938 4770
561 623 562 628 κ
630 602 855 644 carontcnnun
908 641 913 654 ,
1161 583 1203 644 95

173 729 176 736 ‘
243 715 397 794 duntaxat,
423 738 483 778 non
504 717 561 780 orit
583 715 621 780 ad
643 715 846 800 depositionis
870 715 1051 780 seutentiam
1076 716 1247 800 proceden-

242 805 329 875 dum:
358 803 408 869 sed
434 806 584 868 infamato
603 807 748 868 canoniea
776 803 888 890 poterit
907 803 1000 867 indici
1026 808 1179 892 paruulo,
1199 829 1248 870 se·

242 895 380 958 cundum
416 895 578 958 arbitrium
600 893 789 982 judicantiss
814 895 873 971 Qui
890 905 1027 979 *propter
1050 895 1129 976 dicta
1165 917 1254 980 paraq
1279 891 1281 911 “

242 1005 440 1048 eorumeom
464 985 646 1050 infamatum
671 994 812 1068 reputare
837 1004 897 1048 non
925 982 1028 1070 debet,
1054 989 1142 1070 cnjus
1162 985 1246 1070 apud

243 1073 343 1140 bonos
373 1085 402 1136 et
427 1095 530 1158 graves
555 1075 622 1140 laesa
649 1073 757 1158 opinio
784 1091 844 1136 non
871 1072 996 1140 existit..

287 1166 363 1249 Cap.
388 1166 444 1227 2lt:
496 1164 654 1240 «Qualiter
674 1175 703 1225 et
721 1160 847 1248 quondo
868 1161 978 1225 debeo
1001 1167 1147 1228 Praestus
1171 1182 1249 1247 pro·

243 1250 354 1342 cedere
376 1251 414 1316 ad
444 1251 664 1354 inurairendum
685 1261 714 1316 et
738 1249 930 1336 puniendum
969 1253 1167 1316 subditorum
1196 1271 1247 1316 ex·

244 1338 358 1426 cessus,
382 1365 415 1409 cx
436 1331 671 1407 auctoritatibus
695 1343 815 1405 Vetat
839 1340 915 1405 Novi
944 1343 1129 1406 Testamenti
1153 1339 1245 1404 colli-

244 1431 327 1516 gitur
347 1430 515 1510 evidenter,
542 1431 707 1517 exquibus
728 1441 831 1514 postea
858 1443 1073 1510 processerunt
1090 1429 1248 1495 carronicae

245 1521 431 1587 sanctiones:
458 1522 538 1585 sicut
568 1522 642 1584 olim
668 1529 773 1604 aperte
799 1518 1005 1599 distinximus,
1037 1533 1067 1583 et
1090 1541 1172 1586 nunc
1196 1539 1249 1581 sa

246 1609 291 1672 eri
316 1609 540 1695 approbatione
562 1609 693 1673 Consilii
729 1607 965 1687 conlirmamus
1007 1610 1131 1695 Legitur
1164 1608 1247 1672 enim

246 1701 277 1761 in
301 1697 479 1784 Evangelio,
501 1698 585 1784 quod
606 1699 715 1798 vilicus
739 1694 800 1776 ille,
809 1697 876 1790 qni
892 1696 1067 1762 diffamatus
1086 1708 1150 1762 erat
1166 1697 1251 1783 apud
1278 1759 1279 1762 ,

246 1785 410 1850 dominum
440 1810 543 1864 snum,
573 1786 660 1874 quasi
694 1779 870 1870 dissipasset
858 1786 1016 1854 t'bona
1007 1788 1106 1890 ipsios
1131 1787 1249 1852 audivit

241 1875 285 1938 ab
307 1876 371 1940 illo:
402 1876 493 1954 Quid
507 1877 565 1942 doc
582 1878 679 1941 audio
699 1877 739 1940 de
762 1878 810 1940 tel
828 1876 928 1938 redde
943 1878 1100 1942 rotronem
1123 1872 1250 1941 vzllz'ca

245 1966 340 2028 tronis
355 1975 433 2030 treoe:
439 1968 518 2050 jam
538 1969 623 2030 enim
641 1988 702 2036 non
720 1966 844 2046 poteris
867 1967 1007 2046 amplius
1033 1968 1082 2030 vil
1080 1968 1186 2031 l'.ccare
1186 1967 1253 2030 Et

247 2053 277 2116 in
309 2055 417 2119 Genesi
444 2055 598 2120 Dominus
626 2055 679 2118 ait:
713 2053 915 2116 descendam
940 2067 971 2118 et
999 2057 1109 2119 ozilebo
1141 2067 1251 2121 utrum

246 2143 425 2220 clarnorem,
458 2147 517 2228 qui
545 2146 634 2208 venit
664 2143 713 2206 ad
735 2163 795 2216 me,
829 2153 920 2224 opere
950 2147 1182 2225 compleverint.
1207 2147 1249 2207 Ex

246 2232 360 2316 quibus
383 2234 616 2297 auctoritatibus
647 2231 806 2294 manifeste
833 2231 982 2317 probatur
1003 2233 1086 2318 quod
1115 2255 1175 2296 non
1199 2257 1252 2297 so-

249 2322 312 2386 lum
339 2344 410 2398 carm
431 2322 586 2398 subditus,
610 2342 716 2386 verram
740 2319 832 2384 etiam
854 2343 925 2384 com
947 2321 1096 2388 Praelatus
1111 2321 1251 2407 ¹eacedit,

248 2410 273 2474 si
295 2433 351 2496 per
380 2410 548 2478 clamorem
573 2421 602 2475 et
625 2410 740 2474 lamam
765 2407 804 2472 ad
828 2429 915 2474 sures
944 2411 1112 2496 superioris
1145 2431 1253 2496 pervc-

252 2501 343 2584 nerit,
374 2521 435 2566 non
457 2501 584 2586 quidem
606 2503 623 2564 ei
651 2497 808 2564 malevolis
830 2509 858 2561 et
878 2497 1048 2575 maledicis,
1073 2499 1124 2587 sed
1148 2505 1252 2586 apro-

251 2589 329 2653 ridis
354 2601 382 2652 et
408 2591 555 2672 lronestis,
581 2599 688 2654 necet
712 2591 805 2652 semel
828 2597 946 2653 tantum
968 2589 1021 2654 sed
1043 2611 1133 2674 saepe,
1168 2590 1253 2676 quod

249 2679 369 2742 clamor
399 2679 510 2756 innuit,
547 2691 576 2743 et
606 2677 776 2743 diffamatio
809 2679 993 2760 manilestat,
1024 2677 1115 2752 debet
1147 2701 1252 2744 coram

249 2768 391 2830 Ecclesiae
410 2768 584 2852 senioribus
609 2770 764 2832 veritatem
786 2765 963 2851 diligentius
989 2769 1189 2852 perscrutari,
1220 2778 1252 2832 ut

251 2856 286 2940 lsi
313 2856 357 2918 rei
388 2859 577 2941 posposoerit
600 2857 741 2942 qualitas)
768 2855 914 2920 canonica
944 2855 1095 2920 districtio
1128 2857 1253 2942 colpam

250 2944 339 3009 serint
360 2943 578 3031 delinquentis,
602 2967 663 3010 non
693 2955 839 3029 tanquam
869 2943 950 3008 idem
973 2945 1012 3009 sit
1030 2958 1203 3009 accussator
1222 2957 1252 3010 et

249 3033 353 3122 judex,
391 3032 442 3097 sed
471 3035 558 3120 qnasi
587 3033 787 3099 denuntiante
811 3033 905 3109 lama,
934 3039 979 3097 vel
1006 3033 1162 3100 delerento
1191 3036 1254 3098 cla·
1332 3079 1336 3094 .

252 3147 350 3196 more,
373 3122 469 3187 olllcii
498 3125 544 3187 sui
573 3123 711 3188 debitum
739 3131 916 3208 exequatur.
952 3124 1035 3188 Licet
1066 3135 1168 3188 antem
1194 3125 1259 3190 hou

252 3214 290 3276 sit
317 3212 542 3277 observandum
563 3213 594 3276 iu
620 3211 763 3293 subditis,
785 3213 963 3296 diligentius
992 3224 1093 3278 tamen
1121 3225 1165 3277 est
1193 3213 1252 3277 ob-

252 3300 435 3366 servandum
466 3303 494 3366 in
525 3303 673 3381 Praelatis,
713 3300 764 3386 qui
794 3303 880 3387 quasi
907 3303 1028 3389 signum
1065 3317 1135 3367 sunt
1163 3303 1253 3389 positi

241 3391 291 3455 ad
316 3393 466 3478 sagittam.
491 3395 527 3454 Et
549 3391 620 3477 quia
644 3411 704 3454 non
727 3401 855 3474 possunt
875 3393 1021 3456 omatibus
1045 3395 1251 3478 complacere,

253 3503 324 3545 cnm
349 3503 381 3544 ex
407 3480 512 3544 ollicio
538 3502 593 3544 sno
620 3489 781 3544 teneantur
809 3501 870 3542 non
899 3481 1012 3548 sollum
1037 3503 1174 3566 arguere,
1195 3480 1256 3547 sed,

255 3571 346 3635 etiam
371 3570 541 3656 increpare,
564 3570 638 3654 quin
662 3568 754 3632 etiam
775 3568 933 3634 interdum
955 3570 1152 3656 suspendere,
1172 3593 1253 3635 non-

256 3679 413 3745 nunquam
437 3681 508 3723 vero
535 3659 642 3745 ligare,
668 3656 844 3744 frequenter
869 3661 976 3724 odium
1001 3661 1171 3724 multorum
1203 3662 1252 3724 in·

257 3761 400 3830 currunt,
417 3745 446 3810 et
461 3749 587 3812 insidias
604 3748 774 3835 patiuntur.
795 3752 834 3812 Et
847 3749 915 3814 ideo
938 3748 1031 3813 sancti
1052 3753 1156 3814 Patres
1177 3771 1253 3834 pro-

257 3836 325 3901 vide
355 3846 537 3918 statuerunt,
568 3847 604 3902 ut
636 3838 804 3901 accussatio
838 3840 1038 3903 Praelatorum
1070 3860 1131 3902 non
1164 3838 1258 3904 lacile

256 3926 446 4008 admittatur,
482 3947 521 3992 ne
549 3924 706 3990 concussis
731 3928 887 3990 columnis
920 3940 1045 3992 corruat
1071 3927 1251 3994 aedideium:

230 4095 232 4098 Ι
259 4016 316 4080 nisi
342 3977 472 4100 diligeirs
495 4015 677 4090 adhibeatur
703 4027 834 4098 carnee
865 4038 919 4102 per
939 4039 1046 4124 ‘quam
1069 4039 1130 4082 non
1153 4019 1255 4082 solum

256 4105 350 4189 lasse,
374 4103 426 4170 sed
452 4105 545 4170 etium
572 4127 620 4172 nm
636 4108 713 4193 igne
733 4107 947 4174 criruinationi
972 4111 1065 4196 janna
1087 4105 1262 4196 praecludas
