2924 4770
608 661 836 704 cranontlconUM

489 949 498 994 ³
592 951 725 1030 NUM.
751 959 821 1032 27.
874 1035 875 1040 ,

565 1127 905 1216 0000000.-·-Ρ(0(00.1

162 1307 164 1310 .
225 1361 227 1364 -
272 1324 318 1386 De
347 1317 394 1381 his
416 1313 476 1400 agit
501 1311 616 1374 Auctor
638 1309 694 1377 lib.
722 1311 813 1378 latit,
844 1317 878 1379 l.
917 1351 918 1354 =

271 1406 363 1493 Apud
387 1423 494 1469 omncs
522 1399 673 1464 dillerunt
700 1413 858 1484 peccatum
888 1411 917 1465 et
941 1399 1101 1470 delictum.
1124 1404 1233 1466 Pecca-

228 1511 295 1562 tum
322 1508 376 1561 est:
412 1493 544 1566 dictum,
578 1489 626 1579 vel
652 1489 778 1564 lactum,
807 1492 851 1553 rel
883 1492 1081 1576 concupitum
1127 1503 1232 1556 contra

229 1591 340 1674 legem.
369 1583 525 1646 Dci'ctum.
549 1590 604 1643 est:
637 1579 759 1641 violatio
776 1591 908 1662 externa,
927 1590 956 1642 et
980 1603 1013 1644 ex
1044 1603 1074 1645 se
1095 1580 1230 1665 publica,

230 1678 307 1764 legis
326 1673 445 1755 scriplae
470 1670 500 1730 in
523 1666 629 1730 codice
651 1665 798 1734 humano.
825 1671 918 1732 Poena
951 1691 1023 1732 uero
1049 1684 1103 1734 est:
1133 1670 1235 1734 delicti

230 1770 310 1853 justa
330 1761 478 1826 eoercitio.
506 1757 658 1820 Delictum
673 1756 785 1819 dicitur
803 1757 927 1820 violatio
949 1770 1091 1834 externa,
1120 1771 1153 1822 ut
1175 1759 1235 1823 dis·

134 1896 138 1904 ·
232 1847 426 1940 linguatuli
446 1860 581 1932 peccato,
606 1845 688 1929 quod
709 1857 808 1929 potest
829 1869 892 1910 esse
915 1869 992 1930 pure
1012 1849 1180 1933 internum3
1202 1871 1236 1912 ex

235 1966 265 2008 sc
289 1940 426 2028 publica,
449 1934 518 2021 quia
546 1947 578 1997 ut
599 1935 720 1998 violatio
752 1938 875 1999 resultet
900 1936 1044 2000 delictum
1061 1939 1235 2002 societatem
1265 1969 1267 1975 ·

235 2031 358 2096 allicere
377 2027 477 2091 debet
492 2035 558 2087 acto
584 2025 629 2086 vel
649 2025 796 2109 potentia,
829 2038 858 2088 et
886 2025 968 2111 quod
993 2039 1037 2090 est
1057 2029 1170 2091 sociale
1193 2041 1238 2091 est

236 2120 398 2206 publicum
419 2109 473 2200 per
494 2137 537 2192 se,
558 2114 695 2198 quamvis
712 2113 1048 2198 peraccidensmaneat
1067 2118 1234 2180 occultum:
1262 2127 1264 2132 '

239 2207 456 2284 homicidium,
473 2201 594 2266 nenaine
614 2201 745 2283 ridente,
765 2203 910 2266 delictum
931 2213 986 2282 est;
1010 2203 1138 2270 ,additur
1157 2208 1239 2288 legis
1311 2197 1313 2202 ’
1346 2205 1350 2218 “

238 2301 363 2380 scraptae
389 2296 418 2357 in
435 2292 540 2357 codice
558 2291 705 2370 humano,
722 2291 792 2375 qrria
811 2291 956 2358 delictum
973 2292 1102 2378 estkquid
1120 2296 1239 2379 poenale

240 2391 271 2451 in
301 2385 452 2459 societate,
477 2392 504 2443 ct
528 2399 616 2464 poena
638 2379 667 2440 in
688 2380 908 2444 societatenon
935 2376 1106 2466 imponitur
1129 2383 1185 2446 nisi
1201 2383 1239 2448 ad
1316 2405 1318 2410 ’

239 2491 377 2541 tenorem
404 2471 476 2557 legis
494 2471 647 2531 liunianae:
675 2469 717 2532 sic
735 2469 935 2554 blasphemia,
962 2471 1123 2535 intrinsece
1146 2473 1237 2546 mala,

151 2606 153 2612 ν
242 2577 272 2630 et
299 2582 424 2628 enorme
453 2568 624 2644 peccalum,
655 2559 686 2621 in
713 2559 858 2626 delictum
894 2561 1014 2638 transit,
1052 2561 1176 2646 quoodo
1208 2563 1240 2624 in

180 2685 183 2694 ·
243 2653 349 2717 codice
375 2650 479 2714 sociali
511 2647 592 2710 adest
620 2647 676 2731 lex,
700 2670 766 2711 eam
792 2649 959 2734 prohibens
979 2663 1068 2734 atque
1095 2653 1239 2735 puniens.

243 2749 336 2808 Poena
362 2738 474 2804 dicitur
494 2737 596 2800 delicti
612 2733 690 2820 justa
714 2739 870 2818 coercitio,
888 2739 957 2823 quia
981 2738 1126 2803 delictum
1147 2762 1241 2804 cons·

204 2881 206 2888 ,
244 2832 332 2898 tituit¹
358 2827 518 2892 materiam
554 2846 730 2910 poeaarum,
761 2849 828 2912 quae
853 2830 934 2912 juste
962 2840 1091 2912 possunt
1118 2829 1239 2914 ,imponi

247 2915 445 2985 solummodo
471 2913 591 2994 abeis,
619 2915 768 2998 quibnsa
793 2919 856 3000 lege
880 2937 1059 2980 concessum
1080 2929 1135 2999 est,
1159 2919 1241 2980 etin

247 3008 341 3096 gradu
367 3015 384 3069 a
412 3006 476 3088 lege
503 3025 658 3070 concesso:
677 3003 948 3088 lesus-laedentem
970 3007 1110 3088 puniens,
1140 3018 1242 3070 arieto·

165 3171 167 3175 ι
247 3099 329 3162 ritatl
358 3097 454 3178 deest,
488 3115 547 3158 non
576 3093 663 3156 lesus
694 3093 788 3158 alium
818 3093 943 3176 leodem,
966 3093 1029 3180 juri
1049 3085 1163 3158 naturae
1187 3095 1242 3159 de·

166 3197 170 3214 '
250 3200 348 3270 rogat.
651 3264 655 3268 .
835 3199 840 3208 '
879 3212 883 3220 2
1127 3229 1128 3234 η

204 3284 208 3292 ’
294 3272 425 3339 Ecclesia
447 3281 625 3355 potestatem
646 3281 761 3336 exercet
778 3274 808 3335 in
837 3272 905 3336 loro
925 3273 1045 3339 interno
1065 3273 1144 3336 circa
1168 3293 1242 3359 pcc·

250 3379 327 3448 cala,
361 3365 392 3426 in
417 3355 487 3426 loro
515 3372 636 3425 esterno
665 3362 745 3424 circa
775 3362 897 3426 delicta.
930 3362 1017 3426 Unde
1046 3363 1176 3441 axioma,
1206 3362 1243 3425 de
1270 3409 1273 3414 ι

254 3453 384 3518 internis
415 3472 475 3513 non
504 3449 622 3534 judicat
650 3447 796 3528 Ecclesia,
830 3451 970 3536 exprimit
996 3450 1079 3534 quod
1110 3453 1244 3516 Ecclesia

164 3543 168 3550 ’
253 3547 284 3607 in
311 3542 380 3606 foro
400 3540 523 3604 caterno
546 3562 601 3618 nec
625 3540 754 3626 judicat,
775 3563 828 3604 nec
854 3541 954 3626 psallit,
984 3541 1042 3604 nisi
1068 3551 1185 3605 externo
1217 3551 1246 3604 et

253 3631 390 3718 publica,
419 3639 471 3691 aut
499 3630 584 3716 quasi
611 3629 747 3712 publica:
777 3631 915 3693 «occulta
943 3648 1002 3692 non
1031 3642 1159 3714 possunt
1185 3652 1244 3715 pu-

254 3721 335 3787 blico
351 3717 467 3804 puniri,
498 3718 550 3782 scd
578 3729 648 3780 sunt
673 3717 777 3782 divino
802 3717 921 3804 judicio
953 3719 1166 3785 reservanda.»
1197 3724 1248 3786 5?

255 3834 304 3897 μ,
324 3831 354 3895 q.
378 3810 433 3887 80,
459 3809 492 3884 6,
513 3807 551 3869 ad
576 3811 609 3870 l.
954 3834 955 3838 ¹
1200 3815 1203 3828 '

299 3901 380 3983 Ergo
406 3895 436 3958 in
463 3895 594 3959 Ecclesia
619 3893 719 3960 solum
745 3906 843 3979 potest
863 3896 976 3959 inferre
998 3919 1105 3981 poenas
1123 3898 1176 3984 qui
1198 3897 1252 3961 lra-

256 3981 310 4054 bct
334 3996 512 4072 potestatem
539 3985 569 4047 in
593 3983 661 4048 foro
685 3987 809 4050 externo
835 3997 863 4049 et
885 3985 1123 4072 jodicialistaln
1152 3991 1251 4052 socie·

259 4089 318 4142 rate
345 4074 507 4140 honainum
543 4075 645 4137 nullus
674 4073 764 4138 laabet
788 4081 991 4160 coactionem,
1023 4075 1161 4162 nisipcr
1190 4097 1251 4163 pu·

262 4169 376 4234 blicam
403 4174 613 4250 potestatem.»
639 4167 692 4231 Ἡ
710 4169 790 4245 2.ffl,
809 4187 841 4252 q.
863 4168 918 4245 66,
938 4169 991 4234 8.0
