<?xml version="1.0" encoding="UTF-8"?>
<!DOCTYPE html PUBLIC "-//W3C//DTD XHTML 1.0 Transitional//EN"
    "http://www.w3.org/TR/xhtml1/DTD/xhtml1-transitional.dtd">
<html xmlns="http://www.w3.org/1999/xhtml" xml:lang="en" lang="en">
 <head>
  <title>
</title>
<meta http-equiv="Content-Type" content="text/html;charset=utf-8" />
  <meta name='ocr-system' content='tesseract 3.04.00' />
  <meta name='ocr-capabilities' content='ocr_page ocr_carea ocr_par ocr_line ocrx_word'/>
</head>
<body>
  <div class='ocr_page' id='page_1' title='image "./institutioncano00gomegoog_0088.png"; bbox 0 0 2938 4770; ppageno 0'>
   <div class='ocr_carea' id='block_1_1' title="bbox 640 525 1234 602">
    <p class='ocr_par' dir='ltr' id='par_1_1' title="bbox 640 525 1234 602">
     <span class='ocr_line' id='line_1_1' title="bbox 640 525 1234 602; baseline -0.008 -11"><span class='ocrx_word' id='word_1_1' title='bbox 640 549 864 591; x_wconf 44' lang='lat' dir='ltr'><strong>crinonrcanuar</strong></span> <span class='ocrx_word' id='word_1_2' title='bbox 1121 599 1123 602; x_wconf 16' lang='grc' dir='ltr'>Ι</span> <span class='ocrx_word' id='word_1_3' title='bbox 1155 525 1205 586; x_wconf 67' lang='lat'><strong>‘85</strong></span> <span class='ocrx_word' id='word_1_4' title='bbox 1231 592 1234 598; x_wconf 50' lang='grc'>,</span> 
     </span>
    </p>
   </div>
   <div class='ocr_carea' id='block_1_2' title="bbox 258 656 1257 928">
    <p class='ocr_par' dir='ltr' id='par_1_2' title="bbox 258 656 1257 928">
     <span class='ocr_line' id='line_1_2' title="bbox 262 656 1257 749; baseline -0.006 -21"><span class='ocrx_word' id='word_1_5' title='bbox 262 665 311 728; x_wconf 87' lang='lat' dir='ltr'><strong>eui</strong></span> <span class='ocrx_word' id='word_1_6' title='bbox 332 656 460 736; x_wconf 78' lang='lat' dir='ltr'><strong>obider&#39;e</strong></span> <span class='ocrx_word' id='word_1_7' title='bbox 476 673 609 749; x_wconf 85' lang='lat' dir='ltr'><strong>tenetur,</strong></span> <span class='ocrx_word' id='word_1_8' title='bbox 627 671 699 728; x_wconf 86' lang='lat' dir='ltr'><strong>tuno</strong></span> <span class='ocrx_word' id='word_1_9' title='bbox 716 657 965 746; x_wconf 75' lang='lat' dir='ltr'><strong>distinguendum</strong></span> <span class='ocrx_word' id='word_1_10' title='bbox 984 668 1038 739; x_wconf 86' lang='lat' dir='ltr'><strong>est;</strong></span> <span class='ocrx_word' id='word_1_11' title='bbox 1057 658 1128 744; x_wconf 84' lang='lat' dir='ltr'><strong>qnia</strong></span> <span class='ocrx_word' id='word_1_12' title='bbox 1145 659 1170 739; x_wconf 84' lang='lat' dir='ltr'><strong>si</strong></span> <span class='ocrx_word' id='word_1_13' title='bbox 1191 669 1257 746; x_wconf 52' lang='lat' dir='ltr'><strong>tess</strong></span> 
     </span>
     <span class='ocr_line' id='line_1_3' title="bbox 263 746 1255 840; baseline -0.007 -23"><span class='ocrx_word' id='word_1_14' title='bbox 263 753 430 818; x_wconf 88' lang='lat' dir='ltr'><strong>timonium</strong></span> <span class='ocrx_word' id='word_1_15' title='bbox 462 753 636 840; x_wconf 78' lang='lat' dir='ltr'><strong>requiratur</strong></span> <span class='ocrx_word' id='word_1_16' title='bbox 664 750 702 814; x_wconf 88' lang='lat' dir='ltr'><strong>ad</strong></span> <span class='ocrx_word' id='word_1_17' title='bbox 732 748 927 824; x_wconf 84' lang='lat' dir='ltr'><strong>liberandum</strong></span> <span class='ocrx_word' id='word_1_18' title='bbox 965 747 1122 827; x_wconf 81' lang='lat' dir='ltr'><strong>hominem</strong></span> <span class='ocrx_word' id='word_1_19' title='bbox 1148 746 1193 810; x_wconf 86' lang='lat' dir='ltr'><strong>vei</strong></span> <span class='ocrx_word' id='word_1_20' title='bbox 1215 747 1255 810; x_wconf 88' lang='lat' dir='ltr'><strong>ab</strong></span> 
     </span>
     <span class='ocr_line' id='line_1_4' title="bbox 258 835 1255 928; baseline -0.004 -24"><span class='ocrx_word' id='word_1_21' title='bbox 258 842 370 928; x_wconf 85' lang='lat' dir='ltr'><strong>injusto</strong></span> <span class='ocrx_word' id='word_1_22' title='bbox 400 853 511 922; x_wconf 84' lang='lat' dir='ltr'><strong>morta,</strong></span> <span class='ocrx_word' id='word_1_23' title='bbox 539 864 592 916; x_wconf 90' lang='lat' dir='ltr'><strong>seu</strong></span> <span class='ocrx_word' id='word_1_24' title='bbox 615 861 704 926; x_wconf 83' lang='lat' dir='ltr'><strong>poena</strong></span> <span class='ocrx_word' id='word_1_25' title='bbox 728 843 934 925; x_wconf 88' lang='lat' dir='ltr'><strong>quacumque,</strong></span> <span class='ocrx_word' id='word_1_26' title='bbox 961 837 1007 915; x_wconf 73' lang='lat' dir='ltr'><strong>pel</strong></span> <span class='ocrx_word' id='word_1_27' title='bbox 1034 841 1050 900; x_wconf 78' lang='lat' dir='ltr'><strong>a</strong></span> <span class='ocrx_word' id='word_1_28' title='bbox 1078 835 1152 898; x_wconf 86' lang='lat' dir='ltr'><strong>fatea</strong></span> <span class='ocrx_word' id='word_1_29' title='bbox 1173 835 1255 908; x_wconf 84' lang='lat' dir='ltr'><strong>infa-</strong></span> 
     </span>
    </p>
   </div>
   <div class='ocr_carea' id='block_1_3' title="bbox 257 923 1346 1106">
    <p class='ocr_par' dir='ltr' id='par_1_3' title="bbox 257 923 1346 1106">
     <span class='ocr_line' id='line_1_5' title="bbox 259 923 1346 1018; baseline -0.005 -26"><span class='ocrx_word' id='word_1_30' title='bbox 259 931 335 1011; x_wconf 87' lang='lat' dir='ltr'><strong>mia,</strong></span> <span class='ocrx_word' id='word_1_31' title='bbox 363 933 407 994; x_wconf 83' lang='lat' dir='ltr'><strong>vet</strong></span> <span class='ocrx_word' id='word_1_32' title='bbox 435 930 473 995; x_wconf 85' lang='lat' dir='ltr'><strong>ab</strong></span> <span class='ocrx_word' id='word_1_33' title='bbox 500 930 601 1018; x_wconf 83' lang='lat' dir='ltr'><strong>atiquo</strong></span> <span class='ocrx_word' id='word_1_34' title='bbox 629 928 756 1009; x_wconf 87' lang='lat' dir='ltr'><strong>damno,</strong></span> <span class='ocrx_word' id='word_1_35' title='bbox 785 940 856 994; x_wconf 85' lang='lat' dir='ltr'><strong>tunc</strong></span> <span class='ocrx_word' id='word_1_36' title='bbox 874 925 1112 1010; x_wconf 84' lang='lat' dir='ltr'><strong>tenetur·homo</strong></span> <span class='ocrx_word' id='word_1_37' title='bbox 1134 923 1173 988; x_wconf 88' lang='lat' dir='ltr'><strong>ad</strong></span> <span class='ocrx_word' id='word_1_38' title='bbox 1197 937 1253 988; x_wconf 86' lang='lat' dir='ltr'><strong>tes·</strong></span> <span class='ocrx_word' id='word_1_39' title='bbox 1345 967 1346 970; x_wconf 55' lang='lat'><em>=</em></span> 
     </span>
     <span class='ocr_line' id='line_1_6' title="bbox 257 1014 1341 1106; baseline -0.006 -24"><span class='ocrx_word' id='word_1_40' title='bbox 257 1017 438 1092; x_wconf 84' lang='lat' dir='ltr'><strong>tificandnm</strong></span> <span class='ocrx_word' id='word_1_41' title='bbox 474 1020 529 1106; x_wconf 75' lang='lat' dir='ltr'><strong>(t)</strong></span> <span class='ocrx_word' id='word_1_42' title='bbox 556 1017 649 1094; x_wconf 81' lang='lat' dir='ltr'><strong>Etsi</strong></span> <span class='ocrx_word' id='word_1_43' title='bbox 676 1021 742 1105; x_wconf 72' lang='lat' dir='ltr'><strong>cius</strong></span> <span class='ocrx_word' id='word_1_44' title='bbox 775 1016 982 1092; x_wconf 83' lang='lat' dir='ltr'><strong>testimonium</strong></span> <span class='ocrx_word' id='word_1_45' title='bbox 1019 1037 1079 1090; x_wconf 86' lang='lat' dir='ltr'><strong>non</strong></span> <span class='ocrx_word' id='word_1_46' title='bbox 1115 1014 1255 1103; x_wconf 86' lang='lat' dir='ltr'><strong>requira—</strong></span> <span class='ocrx_word' id='word_1_47' title='bbox 1339 1053 1341 1056; x_wconf 95' lang='lat'>-</span> 
     </span>
    </p>
   </div>
   <div class='ocr_carea' id='block_1_4' title="bbox 256 1102 1258 1998">
    <p class='ocr_par' dir='ltr' id='par_1_4' title="bbox 256 1102 1258 1998">
     <span class='ocr_line' id='line_1_7' title="bbox 257 1102 1255 1194; baseline -0.009 -19"><span class='ocrx_word' id='word_1_48' title='bbox 257 1109 320 1188; x_wconf 83' lang='lat' dir='ltr'><strong>tur,</strong></span> <span class='ocrx_word' id='word_1_49' title='bbox 338 1119 459 1180; x_wconf 79' lang='lat' dir='ltr'><strong>tenetur</strong></span> <span class='ocrx_word' id='word_1_50' title='bbox 477 1108 577 1184; x_wconf 75' lang='lat' dir='ltr'><strong>facere</strong></span> <span class='ocrx_word' id='word_1_51' title='bbox 602 1107 739 1194; x_wconf 81' lang='lat' dir='ltr'><strong>quadiu</strong></span> <span class='ocrx_word' id='word_1_52' title='bbox 758 1129 789 1180; x_wconf 87' lang='lat' dir='ltr'><strong>se</strong></span> <span class='ocrx_word' id='word_1_53' title='bbox 816 1117 870 1187; x_wconf 69' lang='lat' dir='ltr'><strong>est,</strong></span> <span class='ocrx_word' id='word_1_54' title='bbox 895 1119 931 1178; x_wconf 78' lang='lat' dir='ltr'><strong>ut</strong></span> <span class='ocrx_word' id='word_1_55' title='bbox 952 1105 1106 1191; x_wconf 81' lang='lat' dir='ltr'><strong>veritatem</strong></span> <span class='ocrx_word' id='word_1_56' title='bbox 1133 1102 1255 1176; x_wconf 88' lang='lat' dir='ltr'><strong>denun-</strong></span> 
     </span>
     <span class='ocr_line' id='line_1_8' title="bbox 256 1191 1255 1282; baseline -0.005 -23"><span class='ocrx_word' id='word_1_57' title='bbox 256 1197 443 1272; x_wconf 67' lang='lat' dir='ltr'><strong>armatiani,</strong></span> <span class='ocrx_word' id='word_1_58' title='bbox 477 1197 593 1282; x_wconf 84' lang='lat' dir='ltr'><strong>quiad</strong></span> <span class='ocrx_word' id='word_1_59' title='bbox 627 1197 687 1270; x_wconf 88' lang='lat' dir='ltr'><strong>hoc</strong></span> <span class='ocrx_word' id='word_1_60' title='bbox 711 1196 807 1280; x_wconf 75' lang='lat' dir='ltr'><strong>possit</strong></span> <span class='ocrx_word' id='word_1_61' title='bbox 833 1194 991 1282; x_wconf 80' lang='lat' dir='ltr'><strong>prodesse.</strong></span> <span class='ocrx_word' id='word_1_62' title='bbox 1025 1193 1146 1257; x_wconf 82' lang='lat' dir='ltr'><strong>Dicitur</strong></span> <span class='ocrx_word' id='word_1_63' title='bbox 1171 1191 1255 1255; x_wconf 90' lang='lat' dir='ltr'><strong>enim</strong></span> 
     </span>
     <span class='ocr_line' id='line_1_9' title="bbox 257 1282 1256 1372; baseline -0.004 -24"><span class='ocrx_word' id='word_1_64' title='bbox 257 1286 381 1372; x_wconf 89' lang='lat' dir='ltr'><strong>(Psalm.</strong></span> <span class='ocrx_word' id='word_1_65' title='bbox 406 1289 540 1368; x_wconf 83' lang='lat' dir='ltr'>LXXXI,</span> <span class='ocrx_word' id='word_1_66' title='bbox 570 1287 630 1372; x_wconf 61' lang='lat' dir='ltr'><strong>lei:</strong></span> <span class='ocrx_word' id='word_1_67' title='bbox 655 1285 783 1367; x_wconf 75' lang='lat' dir='ltr'><strong>Eripite</strong></span> <span class='ocrx_word' id='word_1_68' title='bbox 797 1295 986 1368; x_wconf 77' lang='lat' dir='ltr'><strong>pauperem,</strong></span> <span class='ocrx_word' id='word_1_69' title='bbox 1007 1293 1039 1347; x_wconf 86' lang='lat' dir='ltr'><strong>et</strong></span> <span class='ocrx_word' id='word_1_70' title='bbox 1060 1301 1194 1365; x_wconf 80' lang='lat' dir='ltr'><strong>egenum</strong></span> <span class='ocrx_word' id='word_1_71' title='bbox 1216 1282 1256 1344; x_wconf 79' lang='lat' dir='ltr'><strong>de</strong></span> 
     </span>
     <span class='ocr_line' id='line_1_10' title="bbox 256 1369 1256 1459; baseline -0.007 -21"><span class='ocrx_word' id='word_1_72' title='bbox 256 1396 356 1439; x_wconf 75' lang='lat' dir='ltr'><strong>runnu</strong></span> <span class='ocrx_word' id='word_1_73' title='bbox 363 1377 544 1458; x_wconf 74' lang='lat' dir='ltr'><strong>peccatoria</strong></span> <span class='ocrx_word' id='word_1_74' title='bbox 554 1376 705 1452; x_wconf 52' lang='lat' dir='ltr'><strong>‘liberata</strong></span> <span class='ocrx_word' id='word_1_75' title='bbox 722 1384 751 1437; x_wconf 85' lang='lat' dir='ltr'><strong>et</strong></span> <span class='ocrx_word' id='word_1_76' title='bbox 768 1373 929 1459; x_wconf 84' lang='lat' dir='ltr'><strong>(Proverb.</strong></span> <span class='ocrx_word' id='word_1_77' title='bbox 951 1374 1060 1453; x_wconf 86' lang='lat' dir='ltr'>XXIV,</span> <span class='ocrx_word' id='word_1_78' title='bbox 1082 1371 1150 1456; x_wconf 83' lang='lat' dir='ltr'><strong>tt)=</strong></span> <span class='ocrx_word' id='word_1_79' title='bbox 1167 1369 1256 1440; x_wconf 83' lang='lat' dir='ltr'><strong>Erue</strong></span> 
     </span>
     <span class='ocr_line' id='line_1_11' title="bbox 258 1457 1253 1549; baseline -0.007 -22"><span class='ocrx_word' id='word_1_80' title='bbox 258 1485 309 1528; x_wconf 84' lang='lat' dir='ltr'><strong>eos</strong></span> <span class='ocrx_word' id='word_1_81' title='bbox 334 1467 392 1547; x_wconf 79' lang='lat' dir='ltr'><strong>qui</strong></span> <span class='ocrx_word' id='word_1_82' title='bbox 411 1467 561 1530; x_wconf 76' lang='lat' dir='ltr'><strong>dicuntur</strong></span> <span class='ocrx_word' id='word_1_83' title='bbox 582 1464 631 1528; x_wconf 84' lang='lat' dir='ltr'><strong>ad</strong></span> <span class='ocrx_word' id='word_1_84' title='bbox 646 1473 793 1542; x_wconf 64' lang='lat' dir='ltr'><strong>mortem·</strong></span> <span class='ocrx_word' id='word_1_85' title='bbox 812 1475 840 1526; x_wconf 83' lang='lat' dir='ltr'><strong>et</strong></span> <span class='ocrx_word' id='word_1_86' title='bbox 867 1467 970 1549; x_wconf 79' lang='lat' dir='ltr'><strong>(Rern.</strong></span> <span class='ocrx_word' id='word_1_87' title='bbox 998 1465 1023 1538; x_wconf 74' lang='grc' dir='ltr'><strong>Ι,</strong></span> <span class='ocrx_word' id='word_1_88' title='bbox 1046 1461 1100 1546; x_wconf 79' lang='lat'><strong>22)</strong></span> <span class='ocrx_word' id='word_1_89' title='bbox 1127 1457 1253 1522; x_wconf 85' lang='lat' dir='ltr'><strong>dieitur:</strong></span> 
     </span>
     <span class='ocr_line' id='line_1_12' title="bbox 258 1550 1257 1636; baseline -0.004 -20"><span class='ocrx_word' id='word_1_90' title='bbox 258 1553 367 1636; x_wconf 60' lang='lat' dir='ltr'><strong>ngm&#39;</strong></span> <span class='ocrx_word' id='word_1_91' title='bbox 389 1563 465 1619; x_wconf 82' lang='lat' dir='ltr'><strong>sunt</strong></span> <span class='ocrx_word' id='word_1_92' title='bbox 490 1565 599 1630; x_wconf 79' lang='lat' dir='ltr'><strong>nzorte,</strong></span> <span class='ocrx_word' id='word_1_93' title='bbox 625 1574 692 1618; x_wconf 79' lang='lat' dir='ltr'><strong>non</strong></span> <span class='ocrx_word' id='word_1_94' title='bbox 712 1554 814 1630; x_wconf 66' lang='lat' dir='ltr'><strong>polum</strong></span> <span class='ocrx_word' id='word_1_95' title='bbox 838 1555 896 1636; x_wconf 76' lang='lat' dir='ltr'><strong>qui</strong></span> <span class='ocrx_word' id='word_1_96' title='bbox 907 1553 1049 1635; x_wconf 78' lang='lat' dir='ltr'><strong>faciunt,</strong></span> <span class='ocrx_word' id='word_1_97' title='bbox 1074 1550 1134 1613; x_wconf 74' lang='lat' dir='ltr'><strong>sed</strong></span> <span class='ocrx_word' id='word_1_98' title='bbox 1156 1550 1257 1626; x_wconf 62' lang='lat' dir='ltr'><strong>etaiam</strong></span> 
     </span>
     <span class='ocr_line' id='line_1_13' title="bbox 257 1637 1255 1726; baseline -0.005 -22"><span class='ocrx_word' id='word_1_99' title='bbox 257 1645 317 1725; x_wconf 80' lang='lat' dir='ltr'><strong>qui</strong></span> <span class='ocrx_word' id='word_1_100' title='bbox 332 1645 528 1710; x_wconf 78' lang='lat' dir='ltr'><strong>consentiunt</strong></span> <span class='ocrx_word' id='word_1_101' title='bbox 541 1642 753 1726; x_wconf 48' lang='lat' dir='ltr'><strong>facientem&amp;</strong></span> <span class='ocrx_word' id='word_1_102' title='bbox 776 1641 830 1704; x_wconf 92' lang='lat' dir='ltr'><strong>ubi</strong></span> <span class='ocrx_word' id='word_1_103' title='bbox 855 1641 930 1710; x_wconf 84' lang='lat' dir='ltr'><strong>dicit</strong></span> <span class='ocrx_word' id='word_1_104' title='bbox 955 1643 1060 1710; x_wconf 78' lang='lat' dir='ltr'><strong>Glossa</strong></span> <span class='ocrx_word' id='word_1_105' title='bbox 1078 1637 1255 1724; x_wconf 62' lang='lat' dir='ltr'><strong>(Amba-in</strong></span> 
     </span>
     <span class='ocr_line' id='line_1_14' title="bbox 258 1727 1258 1818; baseline -0.005 -24"><span class='ocrx_word' id='word_1_106' title='bbox 258 1731 341 1794; x_wconf 91' lang='lat' dir='ltr'><strong>hunc</strong></span> <span class='ocrx_word' id='word_1_107' title='bbox 357 1733 418 1801; x_wconf 87' lang='lat' dir='ltr'><strong>luc.</strong></span> <span class='ocrx_word' id='word_1_108' title='bbox 440 1731 522 1818; x_wconf 90' lang='lat' dir='ltr'><strong>apud</strong></span> <span class='ocrx_word' id='word_1_109' title='bbox 540 1735 671 1796; x_wconf 88' lang='lat' dir='ltr'><strong>Petrum.</strong></span> <span class='ocrx_word' id='word_1_110' title='bbox 692 1730 916 1807; x_wconf 81' lang='lat' dir='ltr'><strong>Lombardum,</strong></span> <span class='ocrx_word' id='word_1_111' title='bbox 935 1731 966 1795; x_wconf 90' lang='lat' dir='ltr'><strong>in</strong></span> <span class='ocrx_word' id='word_1_112' title='bbox 991 1727 1129 1812; x_wconf 85' lang='lat' dir='ltr'><strong>comm.):</strong></span> <span class='ocrx_word' id='word_1_113' title='bbox 1150 1730 1258 1790; x_wconf 77' lang='lat' dir='ltr'><strong>«Con-</strong></span> 
     </span>
     <span class='ocr_line' id='line_1_15' title="bbox 259 1815 1256 1906; baseline -0.007 -22"><span class='ocrx_word' id='word_1_114' title='bbox 259 1820 371 1885; x_wconf 87' lang='lat' dir='ltr'><strong>sentire</strong></span> <span class='ocrx_word' id='word_1_115' title='bbox 400 1831 444 1886; x_wconf 83' lang='lat' dir='ltr'><strong>est</strong></span> <span class='ocrx_word' id='word_1_116' title='bbox 473 1830 583 1895; x_wconf 68' lang='lat' dir='ltr'><strong>tacere</strong></span> <span class='ocrx_word' id='word_1_117' title='bbox 611 1843 681 1886; x_wconf 87' lang='lat' dir='ltr'><strong>cum</strong></span> <span class='ocrx_word' id='word_1_118' title='bbox 715 1821 812 1906; x_wconf 84' lang='lat' dir='ltr'><strong>possis</strong></span> <span class='ocrx_word' id='word_1_119' title='bbox 841 1819 1069 1906; x_wconf 64' lang='lat' dir='ltr'><strong>redarguerem·</strong></span> <span class='ocrx_word' id='word_1_120' title='bbox 1087 1820 1186 1902; x_wconf 89' lang='lat' dir='ltr'><strong>Super</strong></span> <span class='ocrx_word' id='word_1_121' title='bbox 1209 1815 1256 1878; x_wconf 90' lang='lat' dir='ltr'><strong>his</strong></span> 
     </span>
     <span class='ocr_line' id='line_1_16' title="bbox 258 1907 1255 1998; baseline -0.004 -26"><span class='ocrx_word' id='word_1_122' title='bbox 258 1929 329 1973; x_wconf 79' lang='lat' dir='ltr'><strong>vero</strong></span> <span class='ocrx_word' id='word_1_123' title='bbox 356 1931 423 1998; x_wconf 85' lang='lat' dir='ltr'><strong>quae</strong></span> <span class='ocrx_word' id='word_1_124' title='bbox 450 1911 612 1996; x_wconf 83' lang='lat' dir='ltr'><strong>pertinent</strong></span> <span class='ocrx_word' id='word_1_125' title='bbox 633 1907 671 1972; x_wconf 90' lang='lat' dir='ltr'><strong>ad</strong></span> <span class='ocrx_word' id='word_1_126' title='bbox 695 1909 984 1974; x_wconf 79' lang='lat' dir='ltr'><strong>condemnationem</strong></span> <span class='ocrx_word' id='word_1_127' title='bbox 1014 1908 1157 1992; x_wconf 85' lang='lat' dir='ltr'><strong>alicujus,</strong></span> <span class='ocrx_word' id='word_1_128' title='bbox 1192 1925 1255 1969; x_wconf 90' lang='lat' dir='ltr'><strong>non</strong></span> 
     </span>
    </p>
   </div>
   <div class='ocr_carea' id='block_1_5' title="bbox 259 1995 1350 2086">
    <p class='ocr_par' dir='ltr' id='par_1_5' title="bbox 259 1995 1350 2086">
     <span class='ocr_line' id='line_1_17' title="bbox 259 1995 1350 2086; baseline -0.003 -26"><span class='ocrx_word' id='word_1_129' title='bbox 259 2009 380 2062; x_wconf 86' lang='lat' dir='ltr'><strong>tenetur</strong></span> <span class='ocrx_word' id='word_1_130' title='bbox 406 1997 517 2086; x_wconf 83' lang='lat' dir='ltr'><strong>aliquis</strong></span> <span class='ocrx_word' id='word_1_131' title='bbox 537 1999 616 2064; x_wconf 83' lang='lat' dir='ltr'><strong>ferre</strong></span> <span class='ocrx_word' id='word_1_132' title='bbox 634 1998 848 2064; x_wconf 87' lang='lat' dir='ltr'><strong>testimoninm</strong></span> <span class='ocrx_word' id='word_1_133' title='bbox 876 1999 933 2062; x_wconf 88' lang='lat' dir='ltr'><strong>nisi</strong></span> <span class='ocrx_word' id='word_1_134' title='bbox 961 2000 1070 2062; x_wconf 79' lang='lat' dir='ltr'><strong>eumd</strong></span> <span class='ocrx_word' id='word_1_135' title='bbox 1100 1995 1257 2080; x_wconf 84' lang='lat' dir='ltr'><strong>superiore</strong></span> <span class='ocrx_word' id='word_1_136' title='bbox 1348 2013 1350 2020; x_wconf 74' lang='grc'>’</span> 
     </span>
    </p>
   </div>
   <div class='ocr_carea' id='block_1_6' title="bbox 259 2083 1257 2262">
    <p class='ocr_par' dir='ltr' id='par_1_6' title="bbox 259 2083 1257 2262">
     <span class='ocr_line' id='line_1_18' title="bbox 260 2083 1257 2174; baseline -0.004 -24"><span class='ocrx_word' id='word_1_137' title='bbox 260 2089 457 2173; x_wconf 73' lang='lat' dir='ltr'><strong>compellitur</strong></span> <span class='ocrx_word' id='word_1_138' title='bbox 476 2087 645 2152; x_wconf 79' lang='lat' dir='ltr'><strong>secundum</strong></span> <span class='ocrx_word' id='word_1_139' title='bbox 671 2087 812 2151; x_wconf 90' lang='lat' dir='ltr'><strong>ordinem</strong></span> <span class='ocrx_word' id='word_1_140' title='bbox 837 2089 928 2174; x_wconf 79' lang='lat' dir='ltr'><strong>juris,</strong></span> <span class='ocrx_word' id='word_1_141' title='bbox 959 2087 1029 2174; x_wconf 87' lang='lat' dir='ltr'><strong>quin</strong></span> <span class='ocrx_word' id='word_1_142' title='bbox 1053 2086 1078 2148; x_wconf 91' lang='lat' dir='ltr'><strong>si</strong></span> <span class='ocrx_word' id='word_1_143' title='bbox 1099 2087 1178 2148; x_wconf 88' lang='lat' dir='ltr'><strong>cirea</strong></span> <span class='ocrx_word' id='word_1_144' title='bbox 1198 2083 1257 2148; x_wconf 86' lang='lat' dir='ltr'><strong>hoo</strong></span> 
     </span>
     <span class='ocr_line' id='line_1_19' title="bbox 259 2174 1257 2262; baseline -0.002 -24"><span class='ocrx_word' id='word_1_145' title='bbox 259 2177 368 2241; x_wconf 84' lang='lat' dir='ltr'><strong>veritas</strong></span> <span class='ocrx_word' id='word_1_146' title='bbox 395 2175 579 2256; x_wconf 67' lang='lat' dir='ltr'><strong>occrritetur,</strong></span> <span class='ocrx_word' id='word_1_147' title='bbox 610 2177 687 2240; x_wconf 86' lang='lat' dir='ltr'><strong>nulli</strong></span> <span class='ocrx_word' id='word_1_148' title='bbox 707 2199 744 2240; x_wconf 75' lang='lat' dir='ltr'><strong>en</strong></span> <span class='ocrx_word' id='word_1_149' title='bbox 769 2177 826 2255; x_wconf 80' lang='lat' dir='ltr'><strong>troc</strong></span> <span class='ocrx_word' id='word_1_150' title='bbox 853 2177 983 2262; x_wconf 71' lang='lat' dir='ltr'><strong>specia‘e</strong></span> <span class='ocrx_word' id='word_1_151' title='bbox 1012 2174 1161 2238; x_wconf 90' lang='lat' dir='ltr'><strong>damnum</strong></span> <span class='ocrx_word' id='word_1_152' title='bbox 1187 2194 1257 2236; x_wconf 86' lang='lat' dir='ltr'><strong>uae·</strong></span> 
     </span>
    </p>
   </div>
   <div class='ocr_carea' id='block_1_7' title="bbox 259 2244 1266 2351">
    <p class='ocr_par' dir='ltr' id='par_1_7' title="bbox 259 2244 1266 2351">
     <span class='ocr_line' id='line_1_20' title="bbox 259 2244 1266 2351; baseline -0.007 -21"><span class='ocrx_word' id='word_1_153' title='bbox 259 2267 349 2330; x_wconf 88' lang='lat' dir='ltr'><strong>citur:</strong></span> <span class='ocrx_word' id='word_1_154' title='bbox 382 2268 428 2331; x_wconf 86' lang='lat' dir='ltr'><strong>vet</strong></span> <span class='ocrx_word' id='word_1_155' title='bbox 457 2270 482 2331; x_wconf 86' lang='lat' dir='ltr'><strong>si</strong></span> <span class='ocrx_word' id='word_1_156' title='bbox 509 2266 669 2330; x_wconf 85' lang='lat' dir='ltr'><strong>immi-neat</strong></span> <span class='ocrx_word' id='word_1_157' title='bbox 702 2267 876 2351; x_wconf 81' lang='lat' dir='ltr'><strong>periculum</strong></span> <span class='ocrx_word' id='word_1_158' title='bbox 909 2263 1091 2349; x_wconf 84' lang='lat' dir='ltr'><strong>accusatori,</strong></span> <span class='ocrx_word' id='word_1_159' title='bbox 1121 2244 1183 2326; x_wconf 75' lang='lat' dir='ltr'><strong>noir</strong></span> <span class='ocrx_word' id='word_1_160' title='bbox 1213 2270 1266 2325; x_wconf 89' lang='lat' dir='ltr'><strong>est·</strong></span> 
     </span>
    </p>
   </div>
   <div class='ocr_carea' id='block_1_8' title="bbox 260 2351 1260 2619">
    <p class='ocr_par' dir='ltr' id='par_1_8' title="bbox 260 2351 1260 2619">
     <span class='ocr_line' id='line_1_21' title="bbox 260 2351 1260 2442; baseline -0.004 -24"><span class='ocrx_word' id='word_1_161' title='bbox 260 2354 445 2434; x_wconf 82' lang='lat' dir='ltr'><strong>curandum,</strong></span> <span class='ocrx_word' id='word_1_162' title='bbox 469 2357 541 2442; x_wconf 85' lang='lat' dir='ltr'><strong>quia</strong></span> <span class='ocrx_word' id='word_1_163' title='bbox 560 2357 626 2440; x_wconf 86' lang='lat' dir='ltr'><strong>ipse</strong></span> <span class='ocrx_word' id='word_1_164' title='bbox 647 2355 678 2418; x_wconf 90' lang='lat' dir='ltr'><strong>in</strong></span> <span class='ocrx_word' id='word_1_165' title='bbox 697 2353 754 2418; x_wconf 88' lang='lat' dir='ltr'><strong>hoo</strong></span> <span class='ocrx_word' id='word_1_166' title='bbox 776 2354 948 2440; x_wconf 81' lang='lat' dir='ltr'><strong>periculum</strong></span> <span class='ocrx_word' id='word_1_167' title='bbox 970 2363 1078 2438; x_wconf 86' lang='lat' dir='ltr'><strong>sponte</strong></span> <span class='ocrx_word' id='word_1_168' title='bbox 1104 2374 1135 2415; x_wconf 89' lang='lat' dir='ltr'><strong>se</strong></span> <span class='ocrx_word' id='word_1_169' title='bbox 1161 2351 1260 2436; x_wconf 79' lang='lat' dir='ltr'><strong>inges-</strong></span> 
     </span>
     <span class='ocr_line' id='line_1_22' title="bbox 261 2440 1259 2530; baseline -0.006 -24"><span class='ocrx_word' id='word_1_170' title='bbox 261 2445 312 2508; x_wconf 85' lang='lat' dir='ltr'><strong>sit.</strong></span> <span class='ocrx_word' id='word_1_171' title='bbox 337 2445 405 2508; x_wconf 79' lang='lat' dir='ltr'><strong>ntia</strong></span> <span class='ocrx_word' id='word_1_172' title='bbox 432 2460 534 2508; x_wconf 88' lang='lat' dir='ltr'><strong>autem</strong></span> <span class='ocrx_word' id='word_1_173' title='bbox 561 2445 637 2508; x_wconf 88' lang='lat' dir='ltr'><strong>ratio</strong></span> <span class='ocrx_word' id='word_1_174' title='bbox 658 2453 703 2508; x_wconf 90' lang='lat' dir='ltr'><strong>est</strong></span> <span class='ocrx_word' id='word_1_175' title='bbox 727 2443 856 2530; x_wconf 80' lang='lat' dir='ltr'><strong>dereo,</strong></span> <span class='ocrx_word' id='word_1_176' title='bbox 883 2446 932 2507; x_wconf 86' lang='lat' dir='ltr'><strong>cni</strong></span> <span class='ocrx_word' id='word_1_177' title='bbox 957 2442 1131 2529; x_wconf 87' lang='lat' dir='ltr'><strong>periculum</strong></span> <span class='ocrx_word' id='word_1_178' title='bbox 1154 2440 1259 2502; x_wconf 89' lang='lat' dir='ltr'><strong>immi-</strong></span> 
     </span>
     <span class='ocr_line' id='line_1_23' title="bbox 262 2529 1258 2619; baseline -0.006 -23"><span class='ocrx_word' id='word_1_179' title='bbox 262 2544 378 2599; x_wconf 85' lang='lat' dir='ltr'><strong>neteo</strong></span> <span class='ocrx_word' id='word_1_180' title='bbox 404 2535 561 2600; x_wconf 77' lang='lat' dir='ltr'><strong>nolenter.</strong></span> <span class='ocrx_word' id='word_1_181' title='bbox 612 2581 621 2599; x_wconf 89' lang='lat'><strong>.</strong></span> <span class='ocrx_word' id='word_1_182' title='bbox 672 2563 680 2596; x_wconf 81' lang='lat' dir='ltr'><strong>t</strong></span> <span class='ocrx_word' id='word_1_183' title='bbox 732 2582 740 2596; x_wconf 90' lang='lat'><strong>.</strong></span> <span class='ocrx_word' id='word_1_184' title='bbox 790 2551 798 2601; x_wconf 75' lang='grc'><strong>.’</strong></span> <span class='ocrx_word' id='word_1_185' title='bbox 852 2537 929 2598; x_wconf 72' lang='lat' dir='ltr'><strong>,asse</strong></span> <span class='ocrx_word' id='word_1_186' title='bbox 952 2534 1014 2596; x_wconf 84' lang='lat' dir='ltr'><strong>iltis</strong></span> <span class='ocrx_word' id='word_1_187' title='bbox 1040 2554 1113 2619; x_wconf 84' lang='lat' dir='ltr'><strong>quae</strong></span> <span class='ocrx_word' id='word_1_188' title='bbox 1138 2529 1258 2594; x_wconf 85' lang='lat' dir='ltr'><strong>homini</strong></span> 
     </span>
    </p>
   </div>
   <div class='ocr_carea' id='block_1_9' title="bbox 263 2618 1271 2801">
    <p class='ocr_par' dir='ltr' id='par_1_9' title="bbox 263 2618 1271 2801">
     <span class='ocr_line' id='line_1_24' title="bbox 265 2618 1271 2710; baseline -0.004 -24"><span class='ocrx_word' id='word_1_189' title='bbox 265 2634 338 2687; x_wconf 89' lang='lat' dir='ltr'><strong>sont</strong></span> <span class='ocrx_word' id='word_1_190' title='bbox 358 2623 520 2688; x_wconf 86' lang='lat' dir='ltr'><strong>commissa</strong></span> <span class='ocrx_word' id='word_1_191' title='bbox 541 2623 572 2689; x_wconf 92' lang='lat' dir='ltr'><strong>in</strong></span> <span class='ocrx_word' id='word_1_192' title='bbox 591 2618 781 2710; x_wconf 86' lang='lat' dir='ltr'><strong>secretoper</strong></span> <span class='ocrx_word' id='word_1_193' title='bbox 799 2623 1033 2698; x_wconf 81' lang='lat' dir='ltr'><strong>confessionem,</strong></span> <span class='ocrx_word' id='word_1_194' title='bbox 1054 2621 1147 2685; x_wconf 88' lang='lat' dir='ltr'><strong>nullo</strong></span> <span class='ocrx_word' id='word_1_195' title='bbox 1163 2618 1271 2684; x_wconf 87' lang='lat' dir='ltr'><strong>modo·</strong></span> 
     </span>
     <span class='ocr_line' id='line_1_25' title="bbox 263 2709 1269 2801; baseline -0.005 -26"><span class='ocrx_word' id='word_1_196' title='bbox 263 2712 354 2777; x_wconf 88' lang='lat' dir='ltr'><strong>debet</strong></span> <span class='ocrx_word' id='word_1_197' title='bbox 377 2713 588 2777; x_wconf 85' lang='lat' dir='ltr'><strong>testimonium</strong></span> <span class='ocrx_word' id='word_1_198' title='bbox 620 2713 711 2778; x_wconf 86' lang='lat' dir='ltr'><strong>ferra:</strong></span> <span class='ocrx_word' id='word_1_199' title='bbox 744 2713 815 2800; x_wconf 87' lang='lat' dir='ltr'><strong>quia</strong></span> <span class='ocrx_word' id='word_1_200' title='bbox 844 2710 1025 2801; x_wconf 86' lang='lat' dir='ltr'><strong>hujusmodi</strong></span> <span class='ocrx_word' id='word_1_201' title='bbox 1050 2733 1112 2775; x_wconf 90' lang='lat' dir='ltr'><strong>non</strong></span> <span class='ocrx_word' id='word_1_202' title='bbox 1141 2709 1198 2773; x_wconf 87' lang='lat' dir='ltr'><strong>scit</strong></span> <span class='ocrx_word' id='word_1_203' title='bbox 1227 2717 1269 2771; x_wconf 59' lang='lat' dir='ltr'><strong>ut«</strong></span> 
     </span>
    </p>
   </div>
   <div class='ocr_carea' id='block_1_10' title="bbox 264 2799 1261 2888">
    <p class='ocr_par' dir='ltr' id='par_1_10' title="bbox 264 2799 1261 2888">
     <span class='ocr_line' id='line_1_26' title="bbox 264 2799 1261 2888; baseline -0.004 -24"><span class='ocrx_word' id='word_1_204' title='bbox 264 2801 372 2888; x_wconf 82' lang='lat' dir='ltr'><strong>homo,</strong></span> <span class='ocrx_word' id='word_1_205' title='bbox 401 2801 453 2865; x_wconf 89' lang='lat' dir='ltr'><strong>sed</strong></span> <span class='ocrx_word' id='word_1_206' title='bbox 478 2811 623 2887; x_wconf 91' lang='lat' dir='ltr'><strong>tanquam</strong></span> <span class='ocrx_word' id='word_1_207' title='bbox 649 2802 880 2884; x_wconf 82' lang='lat' dir='ltr'><strong>Deimiuieter3</strong></span> <span class='ocrx_word' id='word_1_208' title='bbox 907 2811 936 2866; x_wconf 89' lang='lat' dir='ltr'><strong>et</strong></span> <span class='ocrx_word' id='word_1_209' title='bbox 959 2801 1065 2886; x_wconf 80' lang='lat' dir='ltr'><strong>majue</strong></span> <span class='ocrx_word' id='word_1_210' title='bbox 1087 2810 1131 2863; x_wconf 88' lang='lat' dir='ltr'><strong>est</strong></span> <span class='ocrx_word' id='word_1_211' title='bbox 1152 2799 1261 2864; x_wconf 78' lang='lat' dir='ltr'><strong>uinea·</strong></span> 
     </span>
    </p>
   </div>
   <div class='ocr_carea' id='block_1_11' title="bbox 262 2889 1268 2977">
    <p class='ocr_par' dir='ltr' id='par_1_11' title="bbox 262 2889 1268 2977">
     <span class='ocr_line' id='line_1_27' title="bbox 262 2889 1268 2977; baseline -0.004 -23"><span class='ocrx_word' id='word_1_212' title='bbox 262 2891 328 2954; x_wconf 90' lang='lat' dir='ltr'><strong>lum</strong></span> <span class='ocrx_word' id='word_1_213' title='bbox 362 2893 543 2954; x_wconf 80' lang='lat' dir='ltr'><strong>sacrementi</strong></span> <span class='ocrx_word' id='word_1_214' title='bbox 575 2890 715 2976; x_wconf 86' lang='lat' dir='ltr'><strong>quolibet</strong></span> <span class='ocrx_word' id='word_1_215' title='bbox 743 2891 880 2968; x_wconf 85' lang='lat' dir='ltr'><strong>hominis</strong></span> <span class='ocrx_word' id='word_1_216' title='bbox 909 2898 1084 2977; x_wconf 58' lang='lat' dir='ltr'><strong>praeceptae</strong></span> <span class='ocrx_word' id='word_1_217' title='bbox 1106 2889 1193 2952; x_wconf 83' lang='lat' dir='ltr'><strong>Circa</strong></span> <span class='ocrx_word' id='word_1_218' title='bbox 1225 2908 1268 2950; x_wconf 84' lang='lat' dir='ltr'><strong>ea</strong></span> 
     </span>
    </p>
   </div>
   <div class='ocr_carea' id='block_1_12' title="bbox 262 2974 1261 3332">
    <p class='ocr_par' dir='ltr' id='par_1_12' title="bbox 262 2974 1261 3332">
     <span class='ocr_line' id='line_1_28' title="bbox 262 2974 1260 3066; baseline -0.004 -24"><span class='ocrx_word' id='word_1_219' title='bbox 262 3000 333 3043; x_wconf 82' lang='lat' dir='ltr'><strong>vero</strong></span> <span class='ocrx_word' id='word_1_220' title='bbox 360 3001 428 3066; x_wconf 83' lang='lat' dir='ltr'><strong>qum</strong></span> <span class='ocrx_word' id='word_1_221' title='bbox 446 2979 534 3044; x_wconf 88' lang='lat' dir='ltr'><strong>aliter</strong></span> <span class='ocrx_word' id='word_1_222' title='bbox 562 2978 682 3042; x_wconf 89' lang='lat' dir='ltr'><strong>homini</strong></span> <span class='ocrx_word' id='word_1_223' title='bbox 701 2979 759 3042; x_wconf 92' lang='lat' dir='ltr'><strong>sub</strong></span> <span class='ocrx_word' id='word_1_224' title='bbox 782 2991 897 3042; x_wconf 86' lang='lat' dir='ltr'><strong>secreto</strong></span> <span class='ocrx_word' id='word_1_225' title='bbox 924 2979 1174 3061; x_wconf 83' lang='lat' dir='ltr'><strong>committuntur,</strong></span> <span class='ocrx_word' id='word_1_226' title='bbox 1195 2974 1260 3038; x_wconf 90' lang='lat' dir='ltr'><strong>dis·</strong></span> 
     </span>
     <span class='ocr_line' id='line_1_29' title="bbox 264 3066 1260 3154; baseline -0.004 -24"><span class='ocrx_word' id='word_1_227' title='bbox 264 3067 467 3154; x_wconf 81' lang='lat' dir='ltr'><strong>tinguendum</strong></span> <span class='ocrx_word' id='word_1_228' title='bbox 498 3067 717 3145; x_wconf 79' lang='lat' dir='ltr'><strong>eet.&#39;anndo</strong></span> <span class='ocrx_word' id='word_1_229' title='bbox 747 3069 831 3134; x_wconf 84' lang='lat' dir='ltr'><strong>eninr</strong></span> <span class='ocrx_word' id='word_1_230' title='bbox 859 3078 930 3131; x_wconf 89' lang='lat' dir='ltr'><strong>sunt</strong></span> <span class='ocrx_word' id='word_1_231' title='bbox 959 3067 1037 3130; x_wconf 77' lang='lat' dir='ltr'><strong>tatia</strong></span> <span class='ocrx_word' id='word_1_232' title='bbox 1065 3087 1136 3152; x_wconf 76' lang='lat' dir='ltr'><strong>qnae</strong></span> <span class='ocrx_word' id='word_1_233' title='bbox 1158 3066 1260 3128; x_wconf 88' lang='lat' dir='ltr'><strong>statim</strong></span> 
     </span>
     <span class='ocr_line' id='line_1_30' title="bbox 264 3151 1261 3234; baseline -0.005 -14"><span class='ocrx_word' id='word_1_234' title='bbox 264 3179 334 3220; x_wconf 88' lang='lat' dir='ltr'><strong>eum</strong></span> <span class='ocrx_word' id='word_1_235' title='bbox 363 3157 401 3221; x_wconf 88' lang='lat' dir='ltr'><strong>ad</strong></span> <span class='ocrx_word' id='word_1_236' title='bbox 430 3157 568 3221; x_wconf 87' lang='lat' dir='ltr'><strong>notitiam</strong></span> <span class='ocrx_word' id='word_1_237' title='bbox 600 3156 736 3221; x_wconf 87' lang='lat' dir='ltr'><strong>hominis</strong></span> <span class='ocrx_word' id='word_1_238' title='bbox 759 3157 908 3234; x_wconf 79' lang='lat' dir='ltr'><strong>venerint,</strong></span> <span class='ocrx_word' id='word_1_239' title='bbox 934 3157 1029 3221; x_wconf 89' lang='lat' dir='ltr'><strong>horno</strong></span> <span class='ocrx_word' id='word_1_240' title='bbox 1055 3177 1087 3220; x_wconf 89' lang='lat' dir='ltr'><strong>ea</strong></span> <span class='ocrx_word' id='word_1_241' title='bbox 1114 3151 1261 3218; x_wconf 86' lang='lat' dir='ltr'><strong>manifes-</strong></span> 
     </span>
     <span class='ocr_line' id='line_1_31' title="bbox 265 3241 1259 3332; baseline -0.004 -24"><span class='ocrx_word' id='word_1_242' title='bbox 265 3259 327 3310; x_wconf 89' lang='lat' dir='ltr'><strong>tare</strong></span> <span class='ocrx_word' id='word_1_243' title='bbox 357 3256 489 3328; x_wconf 86' lang='lat' dir='ltr'><strong>tenetur,</strong></span> <span class='ocrx_word' id='word_1_244' title='bbox 520 3249 594 3332; x_wconf 81' lang='lat' dir='ltr'><strong>puta</strong></span> <span class='ocrx_word' id='word_1_245' title='bbox 619 3246 653 3308; x_wconf 73' lang='lat' dir='ltr'><strong>si·</strong></span> <span class='ocrx_word' id='word_1_246' title='bbox 672 3248 823 3330; x_wconf 86' lang='lat' dir='ltr'><strong>pertinent</strong></span> <span class='ocrx_word' id='word_1_247' title='bbox 844 3245 1143 3330; x_wconf 64' lang='lat' dir='ltr'><strong>incorruptionem</strong></span> <span class='ocrx_word' id='word_1_248' title='bbox 1175 3241 1259 3305; x_wconf 85' lang='lat' dir='ltr'><strong>mui-</strong></span> 
     </span>
    </p>
   </div>
   <div class='ocr_carea' id='block_1_13' title="bbox 265 3332 1336 3422">
    <p class='ocr_par' dir='ltr' id='par_1_13' title="bbox 265 3332 1336 3422">
     <span class='ocr_line' id='line_1_32' title="bbox 265 3332 1336 3422; baseline -0.003 -25"><span class='ocrx_word' id='word_1_249' title='bbox 265 3335 625 3421; x_wconf 75' lang='lat' dir='ltr'><strong>titudinisepiritualem,</strong></span> <span class='ocrx_word' id='word_1_250' title='bbox 647 3334 693 3398; x_wconf 76' lang='lat' dir='ltr'><strong>vet</strong></span> <span class='ocrx_word' id='word_1_251' title='bbox 713 3335 919 3422; x_wconf 74' lang='lat' dir='ltr'><strong>corporalem,</strong></span> <span class='ocrx_word' id='word_1_252' title='bbox 941 3338 985 3398; x_wconf 89' lang='lat' dir='ltr'><strong>vet</strong></span> <span class='ocrx_word' id='word_1_253' title='bbox 1008 3337 1040 3397; x_wconf 90' lang='lat' dir='ltr'><strong>in</strong></span> <span class='ocrx_word' id='word_1_254' title='bbox 1060 3355 1148 3421; x_wconf 80' lang='lat' dir='ltr'><strong>grave</strong></span> <span class='ocrx_word' id='word_1_255' title='bbox 1169 3332 1260 3395; x_wconf 89' lang='lat' dir='ltr'><strong>dam-</strong></span> <span class='ocrx_word' id='word_1_256' title='bbox 1334 3364 1336 3368; x_wconf 96' lang='lat'>·</span> 
     </span>
    </p>
   </div>
   <div class='ocr_carea' id='block_1_14' title="bbox 265 3421 1262 3690">
    <p class='ocr_par' dir='ltr' id='par_1_14' title="bbox 265 3421 1262 3690">
     <span class='ocr_line' id='line_1_33' title="bbox 266 3421 1260 3513; baseline -0.004 -25"><span class='ocrx_word' id='word_1_257' title='bbox 266 3447 340 3488; x_wconf 88' lang='lat' dir='ltr'><strong>oum</strong></span> <span class='ocrx_word' id='word_1_258' title='bbox 370 3427 500 3513; x_wconf 78' lang='lat' dir='ltr'><strong>alicujus</strong></span> <span class='ocrx_word' id='word_1_259' title='bbox 531 3446 679 3509; x_wconf 74' lang='lat' dir='ltr'><strong>persone,</strong></span> <span class='ocrx_word' id='word_1_260' title='bbox 711 3430 755 3488; x_wconf 83' lang='lat' dir='ltr'><strong>vet</strong></span> <span class='ocrx_word' id='word_1_261' title='bbox 787 3426 811 3490; x_wconf 89' lang='lat' dir='ltr'><strong>si</strong></span> <span class='ocrx_word' id='word_1_262' title='bbox 843 3423 931 3511; x_wconf 88' lang='lat' dir='ltr'><strong>quid,</strong></span> <span class='ocrx_word' id='word_1_263' title='bbox 959 3422 1054 3488; x_wconf 86' lang='lat' dir='ltr'><strong>alind.</strong></span> <span class='ocrx_word' id='word_1_264' title='bbox 1074 3433 1117 3486; x_wconf 89' lang='lat' dir='ltr'><strong>est</strong></span> <span class='ocrx_word' id='word_1_265' title='bbox 1151 3421 1260 3507; x_wconf 83' lang='lat' dir='ltr'><strong>hujus-</strong></span> 
     </span>
     <span class='ocr_line' id='line_1_34' title="bbox 265 3509 1261 3600; baseline -0.008 -21"><span class='ocrx_word' id='word_1_266' title='bbox 265 3514 363 3599; x_wconf 83' lang='lat' dir='ltr'><strong>modi,</strong></span> <span class='ocrx_word' id='word_1_267' title='bbox 388 3513 472 3600; x_wconf 90' lang='lat' dir='ltr'><strong>quod</strong></span> <span class='ocrx_word' id='word_1_268' title='bbox 496 3514 563 3600; x_wconf 86' lang='lat' dir='ltr'><strong>quis</strong></span> <span class='ocrx_word' id='word_1_269' title='bbox 593 3513 753 3599; x_wconf 87' lang='lat' dir='ltr'><strong>propalare</strong></span> <span class='ocrx_word' id='word_1_270' title='bbox 782 3525 900 3578; x_wconf 88' lang='lat' dir='ltr'><strong>tenetur</strong></span> <span class='ocrx_word' id='word_1_271' title='bbox 922 3515 968 3580; x_wconf 87' lang='lat' dir='ltr'><strong>vel</strong></span> <span class='ocrx_word' id='word_1_272' title='bbox 990 3510 1193 3589; x_wconf 81' lang='lat' dir='ltr'><strong>testificando,</strong></span> <span class='ocrx_word' id='word_1_273' title='bbox 1214 3509 1261 3572; x_wconf 85' lang='lat' dir='ltr'><strong>vel</strong></span> 
     </span>
     <span class='ocr_line' id='line_1_35' title="bbox 265 3599 1262 3690; baseline -0.002 -24"><span class='ocrx_word' id='word_1_274' title='bbox 265 3603 486 3668; x_wconf 84' lang='lat' dir='ltr'><strong>denuntiando:</strong></span> <span class='ocrx_word' id='word_1_275' title='bbox 516 3613 545 3666; x_wconf 85' lang='lat' dir='ltr'><strong>ct</strong></span> <span class='ocrx_word' id='word_1_276' title='bbox 572 3611 678 3668; x_wconf 87' lang='lat' dir='ltr'><strong>contra</strong></span> <span class='ocrx_word' id='word_1_277' title='bbox 704 3603 762 3668; x_wconf 89' lang='lat' dir='ltr'><strong>hoc</strong></span> <span class='ocrx_word' id='word_1_278' title='bbox 795 3602 935 3668; x_wconf 84' lang='lat' dir='ltr'><strong>debitum</strong></span> <span class='ocrx_word' id='word_1_279' title='bbox 963 3603 1096 3690; x_wconf 68' lang='lat' dir='ltr'><strong>obligari</strong></span> <span class='ocrx_word' id='word_1_280' title='bbox 1121 3621 1182 3664; x_wconf 89' lang='lat' dir='ltr'><strong>non</strong></span> <span class='ocrx_word' id='word_1_281' title='bbox 1204 3599 1262 3685; x_wconf 85' lang='lat' dir='ltr'><strong>po·</strong></span> 
     </span>
    </p>
   </div>
   <div class='ocr_carea' id='block_1_15' title="bbox 267 3848 1262 4128">
    <p class='ocr_par' dir='ltr' id='par_1_15' title="bbox 267 3848 1262 4128">
     <span class='ocr_line' id='line_1_36' title="bbox 301 3848 1261 3920; baseline -0.001 -18"><span class='ocrx_word' id='word_1_282' title='bbox 301 3852 351 3920; x_wconf 74' lang='lat' dir='ltr'><strong>(t).</strong></span> <span class='ocrx_word' id='word_1_283' title='bbox 375 3851 576 3907; x_wconf 88' lang='lat' dir='ltr'><strong>Nihilominus</strong></span> <span class='ocrx_word' id='word_1_284' title='bbox 603 3851 639 3906; x_wconf 89' lang='lat' dir='ltr'><strong>ad</strong></span> <span class='ocrx_word' id='word_1_285' title='bbox 663 3851 834 3907; x_wconf 86' lang='lat' dir='ltr'><strong>damnorum</strong></span> <span class='ocrx_word' id='word_1_286' title='bbox 861 3867 896 3908; x_wconf 83' lang='lat' dir='ltr'><strong>ex</strong></span> <span class='ocrx_word' id='word_1_287' title='bbox 924 3850 1081 3906; x_wconf 87' lang='lat' dir='ltr'><strong>omissione</strong></span> <span class='ocrx_word' id='word_1_288' title='bbox 1110 3848 1177 3904; x_wconf 90' lang='lat' dir='ltr'><strong>talis</strong></span> <span class='ocrx_word' id='word_1_289' title='bbox 1204 3855 1261 3902; x_wconf 88' lang='lat' dir='ltr'><strong>tes-</strong></span> 
     </span>
     <span class='ocr_line' id='line_1_37' title="bbox 268 3919 1261 3992; baseline -0.003 -17"><span class='ocrx_word' id='word_1_290' title='bbox 268 3923 382 3981; x_wconf 88' lang='lat' dir='ltr'><strong>timonii</strong></span> <span class='ocrx_word' id='word_1_291' title='bbox 406 3923 588 3992; x_wconf 83' lang='lat' dir='ltr'><strong>sequentium</strong></span> <span class='ocrx_word' id='word_1_292' title='bbox 615 3923 827 3992; x_wconf 76' lang='lat' dir='ltr'><strong>restitutionem</strong></span> <span class='ocrx_word' id='word_1_293' title='bbox 846 3939 908 3990; x_wconf 86' lang='lat' dir='ltr'><strong>non</strong></span> <span class='ocrx_word' id='word_1_294' title='bbox 931 3922 1123 3984; x_wconf 86' lang='lat' dir='ltr'><strong>videturesse</strong></span> <span class='ocrx_word' id='word_1_295' title='bbox 1150 3919 1261 3987; x_wconf 71' lang='lat' dir='ltr'><strong>obliga-</strong></span> 
     </span>
     <span class='ocr_line' id='line_1_38' title="bbox 268 3991 1262 4071; baseline -0.001 -24"><span class='ocrx_word' id='word_1_296' title='bbox 268 4000 322 4059; x_wconf 86' lang='lat' dir='ltr'><strong>tus,</strong></span> <span class='ocrx_word' id='word_1_297' title='bbox 350 3994 418 4071; x_wconf 88' lang='lat' dir='ltr'><strong>quia</strong></span> <span class='ocrx_word' id='word_1_298' title='bbox 441 4009 502 4050; x_wconf 90' lang='lat' dir='ltr'><strong>non</strong></span> <span class='ocrx_word' id='word_1_299' title='bbox 525 3992 677 4064; x_wconf 76' lang='lat' dir='ltr'><strong>tenebatur</strong></span> <span class='ocrx_word' id='word_1_300' title='bbox 699 3994 751 4064; x_wconf 78' lang='lat' dir='ltr'><strong>illa</strong></span> <span class='ocrx_word' id='word_1_301' title='bbox 774 3995 914 4068; x_wconf 77' lang='lat' dir='ltr'><strong>impedire</strong></span> <span class='ocrx_word' id='word_1_302' title='bbox 940 4010 974 4052; x_wconf 86' lang='lat' dir='ltr'><strong>ex</strong></span> <span class='ocrx_word' id='word_1_303' title='bbox 994 3993 1118 4065; x_wconf 77' lang='lat' dir='ltr'><strong>iustitia,</strong></span> <span class='ocrx_word' id='word_1_304' title='bbox 1145 3991 1193 4048; x_wconf 87' lang='lat' dir='ltr'><strong>sed</strong></span> <span class='ocrx_word' id='word_1_305' title='bbox 1212 4007 1262 4046; x_wconf 89' lang='lat' dir='ltr'><strong>so-</strong></span> 
     </span>
     <span class='ocr_line' id='line_1_39' title="bbox 267 4063 995 4128; baseline 0.007 -9"><span class='ocrx_word' id='word_1_306' title='bbox 267 4064 327 4121; x_wconf 93' lang='lat' dir='ltr'><strong>tum</strong></span> <span class='ocrx_word' id='word_1_307' title='bbox 356 4080 389 4122; x_wconf 80' lang='lat' dir='ltr'><strong>er</strong></span> <span class='ocrx_word' id='word_1_308' title='bbox 417 4064 564 4128; x_wconf 84' lang='lat' dir='ltr'><strong>charitate.</strong></span> <span class='ocrx_word' id='word_1_309' title='bbox 994 4063 995 4070; x_wconf 73' lang='grc'>’</span> 
     </span>
    </p>
   </div>
   <div class='ocr_carea' id='block_1_16' title="bbox 1299 605 1302 648">
    <p class='ocr_par' dir='ltr' id='par_1_16' title="bbox 1299 605 1302 648">
     <span class='ocr_line' id='line_1_40' title="bbox 1299 605 1302 648; baseline 0 0"><span class='ocrx_word' id='word_1_310' title='bbox 1299 605 1302 648; x_wconf 82' lang='lat' dir='ltr'><strong>t</strong></span> 
     </span>
    </p>
   </div>
   <div class='ocr_carea' id='block_1_17' title="bbox 0 0 1485 4770">
    <p class='ocr_par' dir='ltr' id='par_1_17' title="bbox 0 0 1485 4770">
     <span class='ocr_line' id='line_1_41' title="bbox 0 0 1485 4770; baseline 0 0"><span class='ocrx_word' id='word_1_311' title='bbox 0 0 1485 4770; x_wconf 95' lang='lat' dir='ltr'><strong> </strong></span> 
     </span>
    </p>
   </div>
  </div>
 </body>
</html>
