2924 4770
623 565 869 610 lnsrtrurtottttm

416 925 559 990 DUBIA
590 913 725 990 CtRcA
760 923 1082 988 PROBATIONEM

504 1048 630 1098 carrus
648 1047 786 1096 aaronis
806 1047 982 1112 comunis

287 1223 314 1287 1,
362 1224 410 1284 An
435 1220 460 1284 si
486 1229 591 1305 agatur
616 1219 653 1284 de
677 1220 875 1285 matrimonio
900 1221 1121 1291 eoiztealeenn’o.
1158 1241 1237 1284 nun-

244 1333 338 1398 quam
361 1310 434 1374 ferri
459 1309 568 1373 debeat
592 1310 750 1390 sententia,
777 1331 835 1394 qua
865 1310 1035 1380 declaretur
1058 1311 1128 1372 satis
1150 1331 1238 1374 cons-

242 1414 306 1464 tare
334 1399 372 1463 (16
403 1399 489 1462 obitu
525 1419 673 1482 personae.
704 1398 741 1461 dc
765 1402 853 1484 cujus
879 1399 1031 1463 existentia
1059 1399 1236 1484 inquiritur,

119 1468 156 1556 ⁴.
243 1513 277 1554 ex
319 1489 408 1551 laruae
446 1489 654 1568 adminiculis,
696 1488 1000 1572 murmurationibus,
1043 1488 1239 1552 citationibus

113 1637 119 1644 .
166 1603 169 1614 ¹
244 1601 300 1664 per
320 1576 543 1662 ephemerides
559 1577 753 1656 dioeccsanas,
773 1576 848 1642 etc‘l

290 1670 330 1730 11.
379 1669 426 1730 An
458 1665 560 1730 rerba:
601 1665 719 1729 «donoc
754 1666 791 1728 de
823 1679 922 1730 morte
956 1667 1068 1751 prioris
1102 1667 1240 1752 conjugis
1311 1727 1316 1737 ,

247 1767 329 1820 certo
365 1765 515 1833 cerasten»
544 1755 585 1817 lta
616 1754 821 1840 ‘intelligendu
851 1756 923 1829 sint,
960 1768 992 1818 ut
1027 1755 1239 1819 certitudinem

245 1844 384 1908 adstruat
421 1855 538 1906 tautum
578 1842 811 1921 documentum,
842 1855 944 1907 ‘certus
975 1846 1110 1923 nuntius,
1146 1846 1238 1924 testis,

247 1935 375 1998 exclusis
399 1931 692 2017 praesumptionibus
716 1945 745 1995 et
768 1934 835 1996 aliis
862 1933 899 1997 de
929 1935 998 2019 jure
1031 1934 1238 2012 adminiculis,

244 2025 331 2108 juxta
355 2022 519 2086 arbitrium
536 2020 649 2106 judicis
674 2021 935 2086 sufficientibusl‘

290 2113 344 2179 tlt.
394 2111 424 2173 Si
458 2110 498 2174 ‘ad
519 2110 900 2196 ‘primum‘allirmative
932 2111 1090 2195 quaeritur‘
1117 2113 1241 2194 iusuper

245 2211 349 2264 utrum
367 2199 534 2264 trecessario
550 2199 618 2264 duae
631 2201 785 2263 sententiaa
801 2210 1010 2264 consentaneae
1028 2213 1156 2264 mortem
1171 2221 1240 2263 con·

244 2285 327 2376 jugis
357 2289 543 2354 declarantes
572 2287 732 2352 aduobus
757 2289 964 2354 tribunalibus
987 2290 1047 2375 sint
1081 2289 1240 2352 entralren·

246 2379 304 2460 da,
334 2401 371 2442 au
395 2377 528 2442 sulliciat
568 2399 626 2440 rina
656 2380 815 2456 sententia,
844 2380 931 2465 quasi
965 2381 1111 2464 supplens
1139 2379 1239 2442 ‘docu-

245 2480 384 2532 mentum
413 2467 450 2531 de
474 2479 551 2530 statu
574 2466 671 2530 libero
692 2469 800 2552 partis?

290 2559 376 2620 Feria
403 2558 458 2634 IV,
485 2555 533 2618 dic
557 2559 576 2618 6
602 2557 676 2642 ltajt
702 2561 801 2621 l89l.

291 2649 325 2710 ln
351 2645 601 2734 Congregatione‘
621 2639 809 2731 generalis.
839 2648 933 2710 Rom.
961 2642 992 2709 'et
1023 2651 1080 2711 Una
1112 2645 1244 2731 Inquisi-

247 2734 352 2812 tionis,
370 2733 524 2818 proposita
542 2735 744 2820 suprascripta
765 2735 920 2800 instantia.
941 2735 1168 2822 praebebituque
1187 2735 1244 2798 Re-

248 2823 539 2888 verendissirnorum
563 2827 629 2890 bu.
657 2826 874 2888 Consultorum
894 2834 977 2908 roto,
1004 2824 1241 2888 Eminentissimi

249 2935 284 2976 ac
311 2912 566 2977 Reverendissimi
589 2913 717 2976 Domini
740 2915 918 2980 Cardinales
943 2915 972 2978 in
1003 2915 1095 2977 rebus
1121 2912 1192 2977 fidei
1216 2923 1244 2976 et

249 3024 375 3066 morum
402 3002 599 3088 lnquisitores
623 3002 872 3087 respondendnm
893 3003 1089 3066 mandarunt:

294 3091 342 3154 Ad
366 3093 381 3154 t
405 3103 434 3156 et
456 3094 499 3155 Il:
547 3093 600 3156 De
623 3103 723 3156 inerte
740 3095 863 3174 prieris
889 3093 1031 3176 eoen'ngis
1056 3102 1137 3154 certo
1161 3112 1246 3154 aoris-

251 3183 319 3245 tari
335 3192 431 3261 posse
455 3184 554 3246 etiam
578 3205 620 3246 ex
632 3183 945 3263 praesumptionibus,
969 3182 1103 3256 indiciis,
1132 3191 1164 3242 et
1184 3181 1245 3242 ad·

160 3283 163 3288 '
249 3271 410 3334 ininieulis
433 3272 570 3353 aliisque
583 3271 831 3352 probationibus,
854 3293 925 3353 qnee
944 3271 982 3334 de
993 3272 1073 3354 jnee
1090 3271 1248 3332 communi

251 3360 477 3435 admittantur,
507 3361 676 3424 dremmodo
706 3361 860 3440 legitimae
891 3362 957 3422 sint
985 3382 1024 3423 aa
1051 3360 1244 3442 sufficientes,

240 3451 345 3533 juata
374 3472 413 3512 ea
441 3466 512 3531 qna
539 3449 698 3512 babentnr
725 3469 755 3510 n.
783 3448 807 3510 ό
833 3449 1066 3512 [astructionis
1081 3447 1248 3528 Sapreina’

249 3539 347 3622 bajas
374 3537 634 3622 Congregationis
652 3537 686 3600 S.
711 3534 815 3620 Officii
832 3538 1106 3620 adprehendam
1128 3537 1248 3599 obitam

143 3661 151 3674 υ
238 3629 400 3712 «conjugis.

296 3716 343 3780 Ad
366 3718 418 3780 lll.
464 3716 627 3799 Negative
650 3715 698 3779 ad
711 3716 859 3797 petinam
878 3726 1027 3798 partein
1055 3714 1249 3797 affirmative

251 3805 303 3870 ab
317 3806 497 3880 secandune,
517 3807 678 3886 nz'siforte
696 3807 816 3887 aliquis
835 3829 877 3870 ex
894 3807 1043 3868 interesse
1061 3803 1248 3866 habentibus

252 3895 476 3976 apellationem
499 3897 730 3976 interposuerit.

296 3983 438 4070 Sequenti
461 4005 530 4048 vero
555 3981 628 4046 feria
648 3983 691 4046 Vl
709 3983 759 4051 die
781 3986 802 4048 8
823 3983 934 4046 mensis
953 3980 1036 4056 dicti,
1060 3983 1182 4044 SSmus.
1204 3981 1244 4042 Ι).

251 4075 290 4140 Ν.
318 4075 378 4138 Leo
402 4073 486 4155 Xlll,
519 4072 550 4136 in
575 4070 795 4138 aradientia'R.
826 4075 864 4137 P.
892 4074 932 4138 D.
959 4069 1118 4136 Adsessori
1144 4071 1175 4134 S.
1205 4066 1243 4132 Ο.
