2924 4770
615 599 840 640 ChNONlCalthl

542 855 545 862 ’
641 881 775 978 uuna.
794 895 863 959 30.

651 1091 852 1142 SUSPENSIO.

232 1298 234 1301 .
287 1241 567 1326 DeSuspensione
595 1238 925 1321 epithimiorum.
954 1241 1078 1304 titan
1216 1299 1219 1316 ,

288 1333 333 1398 hd
369 1330 510 1405 elericos
534 1329 650 1414 quihus
674 1329 748 1391 solis
775 1328 893 1391 ccurrit
918 1329 1090 1412 suspensio.
1119 1330 1247 1392 attinent.

243 1435 402 1508 sequentes
423 1419 624 1482 resolutiones
643 1422 674 1480 S.
694 1421 790 1503 Cong,
810 1417 938 1481 Concilii
965 1439 1047 1482 antio
1068 1423 1154 1482 l8'llt
1177 1438 1245 1506 erga

244 1517 410 1577 hlissarum
435 1507 686 1572 celebrationem.
1172 1529 1173 1534 ¹

295 1605 392 1664 «Cum
423 1599 502 1660 circa
537 1596 743 1680 eleemosynas
773 1596 936 1660 blissarum
971 1619 1075 1682 graves
1105 1597 1246 1683 qrraedam

247 1691 430 1776 quaestiones
454 1691 485 1748 S.
501 1683 569 1747 Sedi
591 1685 754 1770 propositas
775 1685 901 1766 luerint,
923 1707 972 1748 eas
994 1687 1115 1750 SSrnus.
1143 1691 1181 1754 D.
1207 1689 1247 1749 N.

251 1787 323 1844 tuos
344 1778 443 1841 divina
466 1775 655 1859 providentio
679 1779 760 1854 Papa
785 1776 835 1840 tx.
864 1777 959 1840 Emis.
985 1797 1018 1837 ac
1048 1777 1148 1839 anis.
1182 1778 1246 1838 DD.

249 1875 280 1931 S.
303 1871 396 1930 Rom.
423 1865 563 1927 Ecclesiae
585 1862 799 1926 Cardinslibus
828 1864 967 1928 Concilio
990 1865 1170 1930 Tridentino
1201 1867 1249 1926 in·

250 1954 446 2041 terpretando
472 1975 507 2034 ec
539 1951 723 2016 vindicando
755 1953 937 2038 praepositis,
975 1954 1188 2038 expendendas
1218 1975 1252 2015 ac

252 2044 444 2110 resolvendas
467 2041 633 2110 mandevit.
660 2045 768 2126 ltaque
793 2043 934 2128 injuncto
956 2043 1013 2106 sibi
1048 2045 1185 2124 muneri,
1219 2063 1251 2104 ca

251 2159 310 2223 qua
327 2144 441 2220 parcet
458 2130 614 2216 diligentie
638 2144 667 2194 ct
685 2131 805 2194 consilii
823 2132 1012 2215 maturitate,
1027 2133 1120 2196 iidem
1135 2133 1251 2196 Emori.

253 2231 358 2289 Patres
381 2221 557 2285 satisfacere
579 2221 750 2308 cupientes,
773 2221 988 2306 inlranscripte
1010 2219 1102 2285 dubia
1124 2221 1255 2304 desuper

253 2313 434 2377 coriciuuari
461 2316 634 2374 nutrierunt.

308 2405 333 2468 l.
381 2411 427 2463 Ao
455 2411 545 2481 turpe
570 2399 806 2462 mercimonium
839 2399 949 2482 sapiat,
971 2397 1102 2484 ideoque
1137 2399 1255 2482 impro·
1330 2393 1334 2404 ’

260 2491 372 2572 hande,
389 2501 418 2551 ut
435 2490 533 2572 poenis
549 2489 640 2551 etiam
657 2488 878 2564 ecciesiasticis,
898 2490 919 2550 si
943 2508 1021 2573 opus
1038 2487 1140 2566 fuerit,
1163 2509 1254 2550 coer-

258 2579 355 2644 cenda
381 2583 419 2641 sit
442 2578 480 2641 ab
498 2578 665 2662 Episcopis,
682 2600 788 2640 eorum
811 2577 1052 2663 bibliopolarum
1091 2588 1134 2641 vet
1174 2589 1256 2640 rner'-

258 2683 397 2733 catorum
419 2667 526 2752 agendi
551 2668 639 2742 ratio,
660 2669 711 2752 qui
738 2667 884 2730 adhibitis
915 2668 1046 2752 publicis
1075 2667 1258 2732 inritamen-

237 2757 240 2768 '
259 2762 298 2822 tis
317 2759 352 2820 'et
373 2753 507 2842 praemiis
529 2759 572 2818 vel
590 2756 650 2818 alio
667 2777 865 2841 quocumque
886 2757 994 2838 modo,
1021 2757 1183 2821 hdisserum
1201 2756 1261 2818 elc-

260 2867 420 2932 eruosynas
446 2845 607 2928 colligunt,
638 2856 667 2907 et
693 2845 920 2926 Sacerdotibus,
953 2846 1066 2931 quihus
1100 2868 1149 2908 eas
1179 2847 1260 2908 cele-

262 2939 397 3002 brandas
423 2935 634 3010 committunt,
662 2953 724 2997 nnn
756 2937 918 3018 pecuniam
946 2934 999 2997 sed
1029 2935 1124 2998 libros
1154 2935 1262 2996 aliasve

170 3095 172 3102 ,
264 3047 382 3090 merces
414 3021 601 3108 rependunt?

308 3117 348 3177 ll.
397 3113 444 3175 Aa
470 3113 533 3175 haec
551 3111 661 3197 agendi
687 3111 766 3175 ratio
790 3111 858 3175 ideo
878 3111 1069 3176 cohonestari
1092 3115 1200 3188 valcat,
1220 3114 1265 3175 rel

266 3205 339 3291 qnia
371 3202 453 3265 nulls
479 3201 556 3264 facta
584 3202 817 3280 imminutione,
845 3213 890 3264 tot
916 3203 1015 3266 blissae
1043 3209 1060 3266 a
1090 3203 1266 3266 memoratis

268 3290 484 3356 collectoribus
499 3291 689 3355 celebrandae
703 3292 947 3367 couunittnntnr,
960 3303 1035 3378 qtrut
1050 3293 1186 3356 collectis
1203 3293 1266 3354 ele-

269 3383 422 3466 emosynis
451 3380 668 3464 respondeant,
690 3375 733 3444 ret
758 3381 827 3467 qnia
850 3402 904 3466 per
922 3403 988 3444 cam
1007 3383 1194 3468 pauperibus
1214 3381 1268 3442 Sa·

272 3469 459 3545 cerdotibus‚
484 3470 683 3555 eleemosynis
700 3471 862 3536 hlissarum
881 3471 1056 3534 carcrttibus
1074 3467 1270 3536 subvenitur?

266 3591 268 3600 ¹
317 3561 372 3623 lll.
420 3562 468 3621 Ao
499 3557 678 3646 hujusmodi
709 3561 973 3644 elecmosynarum
1013 3562 1209 3626 collectiones
1243 3568 1272 3622 ct

272 3648 463 3734 erogatibnes
482 3659 554 3711 tunc
576 3649 666 3712 ctiam
686 3649 897 3733 improhendae
917 3660 946 3711 et
962 3652 1150 3729 coercendae,
1173 3661 1205 3712 ut
1219 3671 1271 3712 sn·

273 3760 340 3823 pra,
371 3739 430 3800 sint
455 3737 493 3800 ah
518 3737 689 3822 Episcopis,
713 3737 837 3822 quando
858 3739 992 3818 lucrum,
1014 3741 1097 3828 quod
1127 3763 1162 3804 ex
1190 3761 1272 3804 mer·
1330 3779 1335 3794 ι

273 3829 357 3890 cium
390 3847 461 3889 cum
487 3825 688 3912 eleemosynis
716 3828 957 3911 permutatione·
975 3828 1124 3905 hauritur,
1152 3851 1213 3893 non
1239 3828 1270 3890 io
1297 3877 1300 3884 .

274 3915 436 4000 proprium
456 3915 667 4000 colligentium
696 3915 910 3991 commodum,
929 3917 981 3980 sed
1009 3921 1039 3983 in
1070 3921 1190 4004 piarum
1211 3919 1270 3980 ins·

218 4045 219 4050 κ
275 4005 454 4068 titutionem
480 4013 509 4066 et
534 4005 686 4068 honorum
709 4026 838 4090 operum
858 4028 946 4069 usum
974 4011 1017 4072 vel
1046 4011 1271 4073 incrementum

280 4093 487 4181 impenditur?
523 4157 531 4172 ,
