2938 4770
264 459 341 521 tto
591 475 788 542 insurrectore
801 477 846 518 uu

218 590 308 674 plicis
335 589 429 654 libelli
455 600 484 652 et
507 589 652 674 querella,
678 599 731 651 aut
754 589 882 667 notitiae,
907 587 968 652 alio
989 588 1096 666 modo,
1117 593 1134 650 d
1157 591 1225 652 Cu·

219 683 261 743 ria
289 679 411 752 habites,
433 689 462 743 et
488 679 526 742 ed
543 674 636 740 finem
660 676 839 758 perducitur
861 699 897 741 en
920 677 1065 757 consilio,
1084 689 1117 738 ut
1136 677 1223 741 omni

217 767 320 832 studio
340 778 429 855 atque
449 766 609 850 prudentia
631 766 740 830 veritas
761 765 935 852 detegatur,
953 777 982 829 et
999 766 1135 850 cognitio
1155 777 1222 828 tum

217 855 368 940 criminis,
396 877 467 920 cum
493 855 608 920 reitatis
631 865 684 919 aut
708 856 892 920 innocentie
917 855 1048 919 accusati
1079 865 1213 941 exurgat,

679 1009 751 1100 tun

259 1171 423 1232 Processus
448 1166 599 1230 conlectio
623 1165 774 1232 committi
801 1176 899 1251 potest
921 1166 1014 1230 alicui
1040 1133 1213 1260 probo
1162 1175 1208 1229 3Τ-

214 1279 274 1350 que
303 1255 414 1321 idoneo
440 1256 658 1339 ecclesiastico,
686 1254 826 1322 adstante
856 1254 1018 1340 Actuario.

675 1435 761 1499 Xlll.

257 1569 428 1654 Unicuique
454 1568 552 1635 Curio
573 1589 652 1654 opus
670 1580 715 1634 est
732 1571 939 1652 Procuratorc
959 1566 1057 1636 fiscali
1078 1588 1135 1654 pro
1151 1569 1215 1654 jus·

217 1659 291 1726 titiae
316 1670 345 1722 et
372 1658 447 1746 lepis
471 1659 580 1725 tutela.
608 1741 611 1748 ¹
673 1662 675 1669 '
947 1668 984 1706 -o

676 1837 758 1900 XlV.

243 1975 413 2050 Quatenus
428 1987 486 2054 pro
501 1968 748 2034 intimatiouibns
765 1980 819 2032 aut
835 1967 1111 2046 notificationibus
1130 1965 1227 2030 haud-

211 2069 321 2144 praeslo
354 2059 394 2123 sit
420 2077 513 2142 opera
539 2057 760 2144 lipparitorum
732 2061 906 2134 mCuriae
937 2057 1101 2142 suppletur
1131 2055 1215 2120 exbi-

211 2147 328 2212 bitiene
354 2147 530 2218 earumdem
554 2147 710 2235 explenda
726 2169 779 2232 per
798 2111 1005 2234 qualilirntam
1031 2167 1208 2232 personam,

210 2259 279 2322 quae
303 2237 342 2301 de
359 2237 378 2299 Τ
374 2247 439 2300 reto
450 2237 613 2314 certioret;
628 2237 695 2301 sire
714 2257 762 2300 eas
778 2233 1028 2312 transmittendo,
1045 2255 1104 2320 ope
1126 2254 1213 2298 com·

211 2325 416 2391 mendationis
439 2347 532 2411 penes
558 2325 789 2390 tabellariorum
815 2326 964 2406 officium,
996 2284 1092 2388 illis
1085 2345 1115 2386 in
1138 2323 1216 2388 locis

163 2445 164 2451 ι
210 2418 241 2479 in
269 2415 382 2501 quibus
408 2415 465 2478 hnc
492 2415 621 2488 invaluit
648 2427 789 2500 systema,
820 2377 1011 2500 exposcerido
1040 2411 1135 2477 lidem
1159 2433 1212 2476 ex·

213 2504 386 2586 bibitionis,
418 2503 602 2590 receptionis
629 2517 681 2568 aut
712 2503 845 2591 repudii.

682 2685 748 2748 XV.

256 2813 343 2879 Basia
367 2813 441 2879 faeti
472 2815 636 2879 criminosi
661 2815 805 2881 constitui
834 2827 934 2900 potest
965 2835 1019 2898 per
1048 2811 1215 2898 expositio·

147 2973 157 2998 Α
210 2925 281 2968 nem
309 2903 339 2966 in
365 2925 508 2988 processu
531 2903 678 2984 habitam,
705 2905 891 2970 authenticis
914 2903 1088 2968 roboratam
1111 2901 1250 2988 inler-

130 3052 132 3060 ,
208 2991 397 3056 erationibus
418 3001 472 3058 aut
496 2957 744 3060 confessionibus
762 2992 1057 3081 extrajudicialibus
1081 2991 1128 3054 vel
1151 3002 1212 3071 tes-

207 3083 286 3144 tium
320 3080 580 3167 depositionibus,
612 3096 642 3147 et
674 3083 775 3180 quoad
808 3084 953 3146 titulum
960 3079 1214 3166 transgressionis

207 3170 350 3254 praecepti
375 3182 492 3234 constat
512 3192 569 3256 per
590 3194 699 3238 norem
709 3172 943 3239 exhibitionem
972 3169 1084 3235 decreti
1111 3179 1141 3232 et
1159 3189 1211 3231 33-

208 3257 488 3441 tusviplpictionis',
503 3259 712 3346 perlectorum
743 3261 845 3326 modis
870 3261 1043 3328 enuntiatis.
1065 3263 1129 3322 Art.
1158 3258 1213 3319 Vll

207 3359 237 3410 el

667 3486 752 3548 XVI.

249 3613 296 3677 Ad
318 3615 540 3682 retincndem'
532 3640 563 3682 ιιι
584 3616 938 3720 specieculpabilitatem
961 3613 1105 3694 accusati,
1124 3633 1202 3698 opus

206 3716 250 3764 est
280 3705 461 3785 probatione
492 3707 596 3794 legali,
615 3731 693 3811 'qrtae
720 3708 791 3772 talia
816 3707 979 3770 continere
1015 3663 1105 3768 debcl
1126 3704 1198 3766 313

205 3801 320 3870 menta,
343 3802 376 3854 ut
398 3796 552 3860 veritatem
577 3799 706 3876 evincat,
733 3806 785 3860 eut
808 3803 914 3858 saltem
943 3793 1068 3861 iuducet
1092 3813 1196 3867 mora-

204 3878 276 4031 13ιὲ
282 3841 520 4040 l‹terpitpdi'nem
549 3899 666 3954 remoto
693 3887 725 3950 in
751 3885 940 3950 contrarium
966 3883 1075 3970 quovis
1100 3881 1196 3946 ratio·

205 3989 243 4032 na
270 3987 303 4031 ιι
355 3993 372 4033 u
401 3995 431 4037 ro
