2938 4770
619 587 842 628 cauourcrauu
1170 571 1213 632 89

151 767 156 778 ,
262 713 326 766 tum
352 703 405 788 qui
433 699 601 786 semiplene
637 699 792 784 probavit,
818 699 1037 787 jusjurandum
1069 704 1126 767 rite
1157 701 1260 767 defer·

261 805 321 865 tur,
349 804 377 856 et
404 791 428 854 si
450 791 592 876 utrinque
625 789 791 872 semiplene
816 791 982 874 probatum
1015 793 1065 872 sit,
1100 795 1260 880 jusjuran-

261 879 336 946 dum
357 902 408 944 reo
428 878 629 943 deferendum
654 889 709 958 est,
728 899 799 941 eum
823 879 973 943 indubiis
996 883 1063 968 ejus
1082 901 1169 945 causa
1200 904 1257 967 po·
1326 885 1328 892 ’

260 970 322 1036 tior
342 969 500 1035 habeatur.
523 970 589 1032 Hoc
614 980 762 1056 praeterea!
782 969 1000 1054 jusjurandum
1029 992 1090 1034 nou
1123 970 1260 1038 defertur

262 1060 293 1122 iu
311 1057 410 1122 causis
426 1057 568 1136 civilibus
588 1056 674 1120 valde
700 1054 816 1127 arduis,
836 1058 1001 1145 magnique
1020 1063 1182 1132 momenti,
1203 1061 1261 1124 nisi

261 1169 353 1231 parce
384 1146 554 1210 admodum
576 1156 606 1209 et
635 1145 738 1210 babitu
769 1145 811 1208 rei
840 1158 870 1209 et
902 1169 1102 1232 personarum
1129 1151 1258 1230 ratione3

259 1240 417 1322 juraturus
443 1238 524 1300 enim
555 1237 637 1298 testis
668 1235 698 1297 in
725 1235 849 1319 proprio
874 1258 964 1300 causa
992 1238 1202 1313 constituitur,
1228 1250 1267 1302 ut

261 1349 295 1389 ex
330 1329 396 1411 ejus
427 1325 630 1412 jurejurando
668 1324 814 1388 sententia
846 1325 1037 1410 proferatur.
1075 1329 1189 1390 Verum
1226 1328 1260 1390 in

262 1415 321 1478 hoc
349 1435 418 1478 casu
448 1416 471 1478 si
497 1415 565 1500 qnis
591 1435 664 1476 nova
697 1413 881 1477 documenta
911 1427 1016 1479 eontra
1050 1411 1260 1480 testimouium

263 1504 423 1580 invenerit,
447 1523 569 1566 causam
592 1501 702 1566 iterum
729 1524 817 1589 agere
840 1504 960 1588 poterit,
985 1514 1014 1568 et
1037 1505 1117 1569 facto
1140 1505 1261 1591 judicio
1362 1505 1371 1518 ”

261 1593 299 1656 13
328 1592 477 1679 perjurio,
509 1591 730 1656 restitutionem
760 1593 788 1654 iu
816 1595 969 1677 integrum
989 1605 1094 1656 contra
1118 1616 1183 1658 rem
1207 1598 1264 1676 ju-

261 1681 393 1760 dicatum
427 1692 539 1766 petere,
567 1682 666 1764 151,
693 1687 718 1762 5.
748 1686 780 1756 1,
812 1682 850 1745 13
873 1682 966 1768 jirris.
994 1681 1073 1745 Vide
1097 1684 1261 1770 Cujacium

264 1773 300 1834 L.
322 1773 365 1833 l8
389 1769 491 1837 obser.
511 1792 538 1836 e.
562 1773 618 1835 55.
649 1773 816 1854 Nunquam
839 1793 912 1836 roro
938 1773 967 1834 in
988 1771 1087 1834 causis
1112 1773 1260 1848 crimina-

171 1906 175 1914 .
261 1859 358 1942 libne,
382 1881 437 1922 nee
462 1859 492 1921 in
514 1859 612 1922 causis
634 1858 878 1939 beneficialibus,
901 1883 999 1946 neque
1019 1863 1050 1923 in
1072 1861 1121 1944 iis,
1142 1861 1196 1925 ubi
1216 1860 1255 1925 dc
1286 1933 1288 1941 s

261 1945 364 2013 valore
389 1949 592 2026 matrimonii,
616 1952 664 2012 'vel
690 1949 840 2034 religiosae
866 1949 1066 2034 professionis
1092 1961 1274 2035 queretur.-

261 2037 335 2102 buic
361 2037 558 2125 jurijurando
584 2037 668 2102 loeus
704 2048 759 2118 331,
787 2059 858 2101 cum
882 2041 915 2104 in
947 2039 1128 2124 hujusmodi
1163 2041 1264 2118 causis

264 2127 433 2212 perspicuo
467 2127 665 2212 probationes
701 2126 855 2190 dumtaxat
893 2126 1128 2194 admittantur.»
1318 2132 1320 2140 '

298 2217 353 2279 rDe
377 2217 567 2301 juramento,
601 2227 634 2278 ut
666 2217 845 2301 purgatione
872 2218 1029 2292 canonica,
1063 2220 1152 2304 eujus
1185 2216 1262 2282 olim

262 2305 408 2390 frequens
436 2328 508 2368 usus
538 2305 608 2386 tuit,
643 2304 750 2368 titulus
779 2315 824 2368 est
851 2305 884 2370 in
914 2309 1053 2388 Decret.,·
1088 2316 1177 2392 atque
1214 2306 1265 2368 vi-

264 2393 330 2458 deri
360 2405 457 2479 potest
480 2416 548 2478 cop.
578 2397 609 2460 5.
647 2393 686 2458 de
715 2396 869 2479 Apostat„
900 2417 929 2457 c.
957 2399 1012 2458 11,
1037 2394 1074 2458 13
1098 2394 1262 2462 Homicid.
1335 2413 1338 2424 ’

264 2483 380 2547 nolunt.
407 2485 603 2560 3313333131,
637 2505 707 2568 cop.
737 2485 758 2547 2
789 2483 826 2546 de
857 2482 1010 2559 0313333,
1043 2505 1111 2571 cap.
1149 2489 1192 2550 to
1226 2483 1265 2547 de

265 2577 388 2648 13333,
419 2594 448 2640 3.
480 2576 500 2636 8
527 2572 707 2640 1311313313.
738 2571 857 2636 Cleric.'
878 2583 907 2636 et
938 2573 1062 2640 mulier.

307 2661 384 2727 Aliae
411 2661 538 2725 fuerunt
563 2664 758 2747 purgationes
787 2663 939 2748 vulgares,
959 2663 1127 2748 irreligiose
1151 2662 1263 2748 appel·

266 2753 332 2814 13133
359 2748 479 2813 1311313
509 2752 579 2832 Dei,
613 2774 698 2836 aqum
728 2750 860 2836 frigidm,
890 2773 976 2836 aquae
1000 2752 1156 2835 ferventis,
1183 2753 1259 2815 ferri

264 2837 434 2914 candentis,
462 2860 621 2902 vomerum
646 2841 825 2924 ignitorum,
849 2839 1002 2924 judicium
1029 2842 1118 2926 ignis,
1150 2840 1261 2915 duelli,

260 2927 414 3014 judicium
445 2928 607 3000 33331333
640 2929 726 3013 panis
757 2939 786 2991 et
812 2929 903 2992 casei.
938 2931 1009 2991 Haec
1041 2927 1157 3014 judicia
1180 2951 1262 2993 sem-

264 3039 319 3102 per
344 3027 476 3080 aversata
500 3028 555 3098 est,
584 3039 618 3080 33
640 3018 795 3081 multoties
821 3017 1008 3102 reprobavit,
1036 3017 1170 3080 Ecclesia
1195 3019 1262 3082 Ro·

264 3127 365 3170 33333.
387 3106 480 3170 Adest
500 3107 530 3168 in
551 3108 703 3172 Decretal.
724 3106 844 3169 Titulus
864 3104 902 3168 de
924 3106 1109 3190 Purgatiooe
1135 3107 1263 3192 vulgari.

311 3199 368 3260 «Se
388 3195 571 3260 aduritiernn
596 3218 654 3260 con
679 3199 704 3259 el
731 3197 847 3279 tiempo
871 3217 907 3258 33
929 3195 975 3257 133
996 3195 1109 3280 juicios
1129 3197 1268 3260 eclesias*

262 3284 339 3349 ticos
363 3284 454 3348 sobre
488 3307 593 3348 causas
625 3287 800 3350 criminales
826 3285 869 3348 lus
901 3283 1136 3369 purificationes
1165 3290 1265 3349 3333·

265 3374 348 3437 31333
370 3376 590 3458 spurgatt'ones
620 3377 788 3456 canonicce)
814 3373 860 3460 (l)
890 3395 909 3458 p
931 3375 1082 3456 vulgares,
1109 3396 1168 3460 que
1200 3374 1268 3438 for-

264 3463 376 3526 muban
400 3461 484 3548 parte
506 3463 544 3527 13
564 3466 607 3527 133
633 3463 787 3528 Ordaliar
800 3484 827 3544 y
836 3463 957 3547 jutcus
975 3463 1021 3525 de.
1036 3464 1127 3526 Dios.
1148 3467 1268 3528 *Eaten-

265 3548 348 3616 11333
371 3573 429 3638 por
459 3562 520 3617 esta
551 3553 751 3638 purificacion
775 3573 811 3615 en
841 3553 1268 3630 materias*eclesiasticos'la

265 3640 383 3727 prueba
415 3640 507 3706 1313
544 3643 652 3727 propia
691 3641 847 3706 inocencia
871 3639 921 3706 131
947 3641 1064 3705 crimen
1089 3635 1264 3729 imputado.

285 3815 559 3828 —u——u———u—-n

301 3887 339 3959 (l)
379 3888 460 3944 113133
491 3888 620 3960 palabras
643 3889 746 3944 fucron
765 3888 927 3945 tradueidas
947 3887 1111 3944 demasiodo
1133 3886 1267 3960 literaly

264 3968 476 4029 groseramente
498 3960 525 4016 al
547 3959 713 4016 castellano:
739 3962 793 4028 hoy
815 3961 890 4016 serie
911 3959 957 4016 131
974 3958 1032 4014 mal
1054 3966 1122 4015 tono
1139 3975 1267 4018 usarese

263 4030 396 4102 longerie
426 4047 549 4101 groscro,
571 4031 658 4100 digan
683 4032 710 4087 lo
735 4049 790 4102 que
814 4032 933 4098 quieran
957 4031 1001 4088 los
1022 4029 1168 4098 1333113133
1195 4049 1266 4104 pues

265 4111 345 4160 eutre
366 4103 392 4160 31
410 4118 460 4159 uso
477 4119 496 4175 y
520 4105 548 4159 13
567 4105 704 4160 decencia
721 4113 844 4160 33133333
866 4119 918 4174 por
937 4104 964 4159 13
983 4103 1132 4158 decencia.
1161 4107 1164 4122 ⁴

1029 4172 1074 4244 ra
