2938 4770
267 422 332 482 lllr
593 439 841 485 anssrrorrorruru

941 509 946 536 l

218 550 288 614 dem
308 553 436 636 proinde
458 555 604 638 competit
628 552 741 618 nedum
761 557 813 640 jus
831 550 914 638 quad
933 564 1042 617 nocant
1058 554 1212 638 Exeqz'a'a-
1232 561 1238 565 ’

219 651 280 716 tur,
311 642 362 705 scd
393 644 482 707 etiam
516 647 567 731 jus
596 641 810 728 appellationis
840 663 932 726 quam
963 655 1142 728 nuncupant
1173 645 1211 709 ab

220 730 349 794 abusu.»
380 733 458 795 Huic
484 733 686 817 propositioni
714 730 785 795 addi
806 743 904 816 potest
924 729 986 794 lraec
1013 732 1069 794 alia
1096 735 1125 795 in
1156 755 1210 797 eo-

146 817 148 822 ’
219 817 288 881 dem
309 819 432 905 Syllabo
452 821 606 904 damnata,
632 842 760 884 nrrrnero
782 822 838 886 bl:
861 823 978 902 «Reges
996 832 1025 884 et
1043 821 1210 906 principes,

216 928 278 970 noo
305 911 404 973 solum
432 908 471 973 ab
496 913 637 975 Ecclesiae
655 910 869 997 jurisdictione
894 909 1080 994 exirnuntur,
1105 933 1211 975 verum

217 995 307 1060 etiam
328 998 359 1060 io
384 1000 605 1084 quaestionibus
621 997 845 1087 jurisdictionis
864 997 1047 1063 dirimendis
1068 1001 1211 1084 superio-

215 1106 263 1148 res
293 1097 364 1150 suot
391 1090 565 1153 Ecclesiae.»

260 1177 296 1243 Et
318 1198 349 1239 re
374 1177 499 1262 quidem
521 1200 601 1245 vera.
627 1181 764 1242 Potestas
788 1175 940 1241 saecularis
965 1176 1043 1240 inter
1070 1177 1210 1242 christia·

215 1285 272 1328 nus
294 1265 421 1328 inlerior
444 1279 592 1354 astatque
620 1265 816 1330 subordinari
841 1266 931 1330 debet
955 1265 986 1328 in
1011 1265 1100 1329 rebus
1120 1289 1211 1331 cons·

215 1353 334 1416 cientiae
360 1358 532 1420 auctoritati
558 1355 723 1440 spirituali.
754 1355 841 1418 Unde
864 1357 888 1418 si
912 1354 1005 1441 judex
1032 1357 1123 1418 laicus
1148 1359 1213 1442 jus-

214 1443 312 1505 titiam
337 1445 470 1530 negligit,
498 1445 610 1530 poterit
635 1444 800 1530 aliquando
825 1445 943 1508 moneri
968 1456 997 1505 et
1018 1443 1147 1528 obligari
1172 1443 1210 1507 ab

216 1532 394 1598 anctoritate
412 1535 623 1611 ecelesiastica,
640 1534 717 1597 sicut
735 1532 859 1596 historia
876 1542 1002 1596 testatur
1018 1535 1055 1595 de
1074 1537 1111 1598 R.
1126 1539 1210 1600 Pon-

216 1619 351 1684 tilicibus
389 1623 667 1689 condemnantibus
700 1623 880 1708 Principum
919 1622 1094 1704 injustitias.
1126 1626 1163 1685 Et
1196 1630 1211 1686 ὲ

217 1720 336 1786 contra,
360 1734 431 1776 cum
455 1725 586 1798 potestas
605 1712 803 1776 ecclesiastica
830 1733 891 1798 nco
911 1710 1093 1796 subjiciatur
1108 1722 1210 1774 auclo-

216 1799 297 1861 ritnti
320 1801 411 1878 civili,
440 1825 501 1866 uon
525 1802 635 1887 poterit
656 1801 746 1887 judex
781 1801 874 1864 laicus
905 1800 1083 1866 Tribunalis
1112 1805 1210 1864 eccle‘

187 1901 189 1907 '
218 1888 330 1952 siastici
350 1891 565 1975 negligentiam
586 1902 637 1954 aut
656 1891 805 1954 malitiam
828 1888 1004 1956 emendare.

261 1979 327 2040 Hoc
355 1979 477 2044 evidens
510 1980 670 2065 apparebit
701 1982 785 2042 amni
821 1980 873 2065 qui
902 1987 1013 2041 attente
1041 1979 1120 2063 legat
1145 2001 1212 2063 quae

215 2068 361 2130 Summus
378 2070 519 2135 Pontifex
539 2069 734 2133 Innocentius
754 2070 795 2131 lll
816 2067 950 2151 scripsit,
969 2080 997 2129 et
1017 2068 1213 2132 im‘eniuntur

214 2155 332 2240 incap.
355 2160 375 2219 6
400 2157 437 2222 de
459 2160 593 2247 Maiorit.
619 2171 647 2221 et
668 2157 783 2236 Obed.,
807 2157 859 2220 ubi
880 2155 984 2219 asserit
1007 2157 1090 2243 quod
1110 2161 1214 2220 Sacer·

215 2243 333 2332 dotium
360 2250 500 2332 superius
520 2259 563 2313 est
586 2247 733 2333 Imperio,
756 2247 881 2325 etenim,
909 2245 1120 2326 comparando
1151 2267 1212 2308 am·

214 2332 269 2397 bas
294 2346 454 2419 potestates
480 2338 558 2416 inter
588 2360 632 2414 se,
656 2335 866 2400 Sacerdotium
890 2334 1035 2400 assimilat
1058 2336 1129 2416 soli,
1151 2338 1216 2397 lm-

215 2424 336 2507 perium
373 2430 462 2511 lunae,
488 2430 623 2512 primum
654 2427 776 2505 anima,
803 2423 973 2488 secundum
1002 2423 1139 2510 corpori3
1167 2435 1212 2486 at-

215 2535 275 2596 que
301 2515 448 2579 sacerdoti
475 2517 608 2602 applicat
628 2514 683 2578 Dei
710 2514 800 2578 verba
821 2513 857 2576 ad
884 2513 1048 2576 Jeremiam
1075 2513 1210 2598 propbe-

215 2614 291 2663 tam:
321 2607 417 2668 «Ecce
447 2607 590 2670 constitui
613 2615 641 2668 te
673 2625 764 2687 super
788 2612 890 2688 gentes
913 2613 942 2664 et
969 2624 1095 2687 regna.»
1126 2602 1212 2665 Unde

217 2689 342 2753 resultat
368 2693 449 2778 quod
479 2717 561 2780 reges
585 2705 613 2757 et
639 2693 792 2778 principes
818 2691 1025 2774 subjiciuntur
1061 2692 1091 2755 in
1121 2691 1213 2775 spiri-

216 2779 349 2844 tualibus
384 2805 445 2847 noo
475 2785 649 2848 solumR.
683 2781 843 2863 Pontibus,
879 2781 931 2844 sed
958 2781 1048 2845 etiam
1080 2781 1214 2865 propriis

216 2869 368 2954 episcopis
393 2885 425 2936 ut
444 2874 617 2958 pastoribus
640 2872 697 2956 (l)

263 2963 420 3028 Praeterea.
448 2967 582 3026 Potestas
609 2961 705 3024 civilis
738 2959 817 3022 inter
846 2958 1031 3024 christianos
1062 2958 1214 3022 honorare

217 3046 308 3111 debet
333 3053 512 3136 Ecclesiam,
535 3054 661 3138 ejusque
686 3049 805 3136 legibus
824 3048 964 3131 obedire,
985 3060 1013 3112 et
1034 3069 1213 3131 procurare,

217 3150 366 3221 qrraritum
396 3142 502 3226 possit,
547 3154 579 3202 ut
617 3161 724 3204 omnes
763 3137 909 3202 obediant
944 3149 974 3199 et
1008 3136 1211 3220 adimpleant.

215 3229 305 3290 Nunc
327 3251 396 3293 voro
417 3230 557 3316 qrramvis
573 3228 692 3315 judices
721 3226 915 3290 ecclesiastici
941 3223 1087 3288 deficiant
1110 3223 1141 3287 in
1159 3229 1211 3308 ju·

217 3314 318 3400 dicus,
349 3319 428 3403 leges
454 3319 594 3382 Ecclesiae
623 3317 807 3402 praecipiunt
827 3315 909 3400 qood
936 3315 1170 3399 appellationes,
1190 3313 1214 3376 si

218 3403 320 3485 liant,¹
336 3406 373 3470 ad
397 3410 608 3472 auctoritatem
636 3405 868 3469 ecclesiasticam
897 3405 1088 3488 superiorem
1117 3401 1215 3467 feran-

216 3503 278 3575 tur,
303 3494 342 3559 ita
362 3508 476 3562 utnon
498 3497 610 3584 poterit
628 3495 746 3561 evocari
765 3493 866 3580 aliqua
891 3494 986 3556 lexin
1009 3493 1213 3558 contrariom.

220 3659 497 3675 mnu-1

252 3744 289 3814 (l)
330 3743 512 3813 ‹Corporalia
530 3745 564 3799 ad
584 3741 745 3813 spIritualia
760 3741 940 3796 ordmantur.
962 3738 997 3794 Et
1013 3739 1077 3794 ideo
1090 3743 1213 3810 potestas

216 3831 279 3884 quaa
302 3831 332 3870 se
356 3818 484 3872 extendit
502 3818 537 3871 ad
555 3814 725 3885 spiritualia,
751 3813 837 3868 etiam
861 3813 897 3868 ad
925 3811 1086 3880 corporalia
1110 3826 1139 3864 se
1163 3825 1213 3889 aar·

216 3889 333 3947 tendere
358 3893 455 3956 potest.
481 3888 556 3943 sicut
579 3903 634 3948 ars,
656 3901 719 3955 quae
744 3893 785 3939 est
816 3886 850 3939 rte
877 3887 942 3946 tine,
968 3883 1090 3950 imperat
1116 3881 1150 3936 dc
1172 3880 1216 3934 his
1257 3949 1260 3956 Ι

216 3975 277 4028 quae
293 3966 360 4014 sunt
374 3959 410 4014 ad
425 3958 541 4015 finem.»
559 3957 588 4015 S.
606 3957 709 4014 Thoan.
725 3954 838 4026 Suppl,
855 3971 882 4024 q.
899 3954 941 4017 23,
959 3955 983 4009 l.
1000 3953 1036 4008 ad
1065 3953 1090 4007 l.
