2924 4770
704 595 927 638 canonicarum
1160 578 1217 637 ΠΙ

266 727 346 782 r·,nm
379 722 641 794 personarumque
661 707 895 784 districtionem,
925 729 980 810 per
1005 722 1079 771 suos
1107 710 1265 794 proprios,

267 807 318 855 mt
345 793 460 858 alienos
490 809 663 860 executores
697 795 884 879 sneundune
912 797 975 860 sive
1003 798 1094 860 etiam
1122 820 1177 882 per
1201 801 1267 882 pri·

266 883 417 945 rationem
439 884 674 962 beneliciornm,
698 885 845 992 aliaque
836 887 914 973 Jnris
935 885 1068 952 remedia
1087 885 1266 970 procedere,

267 983 424 1040 et,cnnsas
453 973 582 1040 diliniri.
614 974 705 1052 Quod
734 976 758 1038 si
790 977 908 1040 excutio
945 975 1046 1054 realis,
1080 975 1126 1037 xcl
1159 997 1268 1060 perso-

238 1123 239 1132 ,
269 1061 345 1122 nelis
368 1061 517 1126 adversus*
534 1086 601 1128 reos
628 1065 683 1128 buc
707 1065 823 1128 ratione
848 1065 914 1142 lieri
940 1085 1001 1128 non
1022 1065 1145 1148 poterit,
1168 1064 1268 1149 sitque

269 1172 338 1234 erga
371 1151 508 1233 jndicem
540 1153 746 1218 contumacia:
771 1165 844 1216 tunc
877 1176 928 1218 eos
961 1153 1052 1218 etiarn
1070 1153 1274 1216 anathematis

269 1258 431 1320 mucrone,
459 1241 586 1306 arbitrio
619 1265 687 1324 sno,
722 1254 832 1327 praeter
853 1244 928 1306 alias
960 1263 1064 1326 poenas
1090 1242 1181 1305 ferire
1214 1263 1273 1326 po·

270 1329 351 1392 terit.
381 1332 413 1392 ln
435 1333 533 1395 caxrsis
547 1355 671 1419 qnoque
690 1332 917 1410 criminalibus,
934 1332 997 1399 ‚ribi
1022 1333 1155 1395 executio
1173 1330 1275 1412 realis,
1335 1346 1336 1357 ¹

270 1419 315 1480 vel
335 1421 517 1503 personalis,
540 1433 573 1486 nt
589 1443 694 1506 supra,
713 1419 778 1484 fieri
799 1423 922 1504 poterit;
945 1421 1032 1484 eritsl
1053 1421 1189 1484 censuris
1209 1420 1275 1484 abs-

271 1508 447 1576 tinendum:
473 1509 523 1573 sed
539 1513 570 1574 -si
593 1511 682 1576 dictae
703 1510 872 1576 executioni
907 1511 996 1582 facile
1021 1512 1105 1574 locus
1125 1533 1188 1586 esse
1213 1530 1274 1576 uon

271 1597 380 1685 possit,
406 1599 508 1663 licebit
530 1599 629 1685 judici
652 1599 710 1662 hoc
733 1599 885 1684 spirituali
907 1599 1009 1684 gladio
1034 1599 1064 1662 in
1094 1599 1277 1686 delinquen-

272 1696 316 1748 tes
337 1692 394 1774 uti3
424 1688 448 1750 si
471 1697 571 1753 tamen
597 1687 700 1751 delicti
724 1688 866 1773 qualitas,
891 1687 1081 1772 praecedente
1105 1689 1176 1752 bina
1216 1688 1276 1750 sal·

273 1787 334 1838 tem
358 1777 542 1860 monitione,
574 1778 671 1843 etiam
701 1800 754 1860 per
777 1777 925 1852 edictum,
959 1777 990 1840 id
1017 1779 1162 1863 postulet.
1187 1776 1278 1842 Nelos

275 1875 381 1934 autem·
400 1869 438 1931 sit
467 1867 602 1931 saeculari
627 1867 754 1932 cuilibet
775 1866 964 1952 magistratui
987 1866 1151 1952 prohibere
1184 1866 1282 1930 ecclc·

277 1955 397 2022 siastieo
422 1955 531 2044 judici,
569 1978 606 2020 ne
630 1978 722 2042 quem
746 1956 1002 2036 excommunicem
1032 1968 1085 2019 ant
1120 1953 1278 2034 mandare,

277 2055 308 2104 nt
341 2049 431 2110 latam
465 2045 813 2122 excommunicationem
851 2056 981 2128 revocet;
1023 2046 1080 2108 sub
1116 2055 1277 2130 praetextu,
1306 2101 1310 2128 ,

278 2136 362 2216 quod
383 2147 522 2199 contenta
546 2137 577 2198 in
603 2137 742 2219 praesenti
776 2134 898 2198 decreto
927 2156 989 2198 non
1021 2135 1082 2198 sint
1108 2137 1278 2198 observata:
1304 2135 1306 2145 ’

277 2228 347 2287 cnin
370 2247 429 2288 non
453 2223 490 2286 ad
511 2225 681 2300 saeculares,
704 2223 757 2287 scd
773 2223 809 2286 ad
825 2223 1044 2286 ecclesiasticos
1060 2225 1123 2287 haec
1143 2221 1281 2308 cognitio

281 2315 442 2396 pertineat.
462 2312 761 2378 Euomnuuicams
786 2334 855 2376 vcro
876 2314 1076 2398 quicumque,
1098 2312 1123 2375 si
1145 2323 1212 2398 post
1236 2313 1281 2372 le-

280 2404 401 2487 gitimas
425 2403 612 2468 monitiones
638 2423 699 2464 non
734 2401 908 2486 resipuerit3
935 2424 997 2466 non
1021 2403 1122 2466 solum
1158 2400 1195 2463 ad
1228 2403 1284 2462 Sa-

281 2503 449 2574 cramenta,
473 2503 509 2554 et¹
532 2491 844 2555 communicationem
879 2490 1032 2570 fidelium,
1057 2515 1091 2556 ac
1119 2489 1285 2554 familiari-

283 2592 373 2645 tatem
399 2603 458 2644 non
481 2581 658 2664 recipiatur;
685 2581 753 2660 sed,
775 2581 798 2642 si
830 2578 983 2644 obdurato
1005 2582 1122 2660 anime,
1144 2581 1286 2662 censuris

285 2692 432 2755 annexus,
454 2671 484 2732 in
507 2671 566 2734 illis
593 2692 649 2756 per
680 2689 796 2732 annum
830 2669 1028 2752 insordnerit,
1054 2671 1144 2735 etiam
1177 2681 1284 2732 contra

283 2782 368 2843 erim,
388 2772 545 2844 tamquam
566 2759 603 2822 de
623 2758 730 2822 lxmresi
756 2770 947 2842 suspectum,
968 2760 1095 2844 procedi
1115 2758 1238 2844 possit.»

328 2850 363 2912 In
392 2847 527 2912 serendis
556 2847 926 2929 excommunicationibus
949 2848 988 2911 ab
1016 2848 1143 2913 homine
1167 2867 1288 2930 semper

283 2937 515 3024 procedendum
533 2948 576 3000 est
596 2958 667 3000 curn
690 2937 771 3022 gravi
788 2947 818 3000 ct
838 2938 956 3021 urgenti
981 2959 1085 3020 cansa,
1106 2938 1205 3001 allatis
1221 2935 1290 2998 ido·

289 3029 355 3090 neis
378 3039 407 3090 et
433 3026 575 3110 legitimis
603 3024 837 3110 probationibus
860 3026 1013 3109 oriminis,
1049 3049 1119 3090 cum
1143 3025 1291 3092 monitio-

288 3117 378 3180 nibus
398 3121 419 3180 sl
442 3117 505 3202 lege
530 3115 728 3200 prescriptis,
753 3136 787 3178 ac
813 3126 927 3178 serrata
949 3115 1049 3179 forma
1068 3115 1222 3200 judiciali.

332 3209 365 3268 ln
389 3205 458 3270 loro
481 3217 602 3268 externo
628 3204 732 3284 nullus
752 3215 796 3268 est
820 3206 1079 3288 excomunicatns,
1108 3203 1206 3268 donec
1232 3225 1289 3288 per

286 3295 401 3382 judicis
422 3293 602 3360 sententium
630 3315 698 3356 reus
719 3293 858 3372 criminis
882 3294 1030 3378 probetur
1048 3317 1082 3358 ac
1102 3293 1287 3366 declaretur.

333 3383 665 3448 Excomrnunicationis
692 3384 820 3468 majoris
842 3383 967 3447 effectus
989 3396 1061 3448 sunt
1081 3385 1133 3447 elii
1160 3405 1192 3445 ex
1222 3385 1291 3467 jure

290 3473 411 3554 divino,
434 3473 531 3558 posita
558 3471 702 3538 Ecclesiae
724 3474 885 3556 sententia,
915 3473 967 3536 alii
991 3497 1028 3538 ex
1045 3475 1115 3560 jure
1137 3472 1285 3535 hnmano.

287 3563 373 3627 Sicut
396 3563 489 3626 lromo
516 3583 570 3646 per
603 3560 791 3645 baptismum
817 3562 851 3625 tit
876 3561 1052 3627 membrum
1077 3562 1232 3639 Ecclesiae,
1257 3559 1289 3622 in

236 3646 238 3650 ’
287 3675 346 3738 iqua
365 3653 395 3714 in
413 3650 503 3715 bonis
526 3650 738 3734 spiritualibus
761 3650 867 3716 fideles
891 3652 1140 3732 communicant,
1163 3671 1216 3732 per
1236 3671 1294 3712 ex-

288 3741 603 3806 communicationem
631 3738 718 3802 cb⁴
700 3740 834 3804 Ecclesia
859 3742 1001 3832 ejicitur
1026 3739 1296 3827 atqueadcopri-
1341 3730 1344 3738 ’

237 3878 243 3884 -
290 3829 614 3908 vatxrrsncramentis,
648 3826 879 3911 sacrificio,l
843 3829 964 3910 officio,
988 3793 1165 3914 beneficio,
1200 3828 1296 3915 juris-

290 3920 435 3996 dictione,
454 3927 614 4004 potestatc,
642 3929 671 3980 et
691 3880 847 4001 sepultsira
872 3920 1088 4004 ecclesiastica,
1113 3940 1176 3984 uno
1195 3917 1290 3981 verbo

287 4009 411 4094 juribus
431 4005 577 4072 omnibus
595 4027 663 4092 quae
681 4028 734 4090 per
752 4006 941 4086 baptismum
957 4007 1174 4094 acquiruntur,
1193 4006 1293 4069 donec
1370 4033 1373 4040 ’

294 4099 416 4162 veniant
438 4095 613 4164 emendatio
635 4106 665 4160 et
686 4096 829 4160 Ecclesiae
857 4098 1036 4168 satisfactio
