2924 4770
654 479 878 524 canonicarum

646 775 780 853 NUM.
823 785 892 850 26.

318 979 319 986 ’
375 979 509 1045 ALIQUA
528 985 713 1046 SPECIA'LIA
736 983 966 1034 CLERICORUM
990 981 1155 1033 DELICTA.

261 1174 262 1183 ,
313 1123 581 1214 Metropolitanus,
617 1133 661 1196 vel
686 1130 868 1196 Ordiuarius
901 1131 1138 1212 metropolitano
1168 1135 1272 1215 proriss

269 1210 361 1289 minc,
382 1217 433 1300 qui
452 1219 652 1285 ordinarium
676 1220 834 1302 illegitime
854 1215 1008 1282 absentem
1027 1219 1160 1303 atriplirs
1176 1243 1268 1306 quam

268 1318 322 1380 per
346 1313 405 1392 tres
429 1327 547 1395 meuses
567 1315 707 1376 Romano
731 1307 874 1374 Pontifici
897 1328 956 1370 uon
979 1308 1148 1384 denuntiat,
1173 1311 1267 1372 iuter·
1353 1378 1357 1386 ,

267 1385 383 1454 dictum
411 1394 477 1477 ipso
502 1397 582 1462 facto
607 1401 749 1464 incurrit.

313 1482 536 1556 Pontificatum
561 1490 736 1552 exercitium
759 1489 788 1549 in
815 1485 913 1548 aliana
936 1485 1058 1547 clioecesi
1079 1485 1193 1571 absque
1210 1491 1268 1550 Or-

265 1563 376 1633 diuarii
399 1595 524 1656 cxprcso
546 1599 695 1658 consensu
720 1577 848 1660 punitur
872 1575 1072 1656 suspensione
1097 1575 1167 1642 lata.

258 1719 259 1722 ,
308 1661 498 1727 Matrimonii
520 1666 691 1730 testificatio
716 1673 733 1730 ai
760 1664 936 1753 presbytero
962 1665 1008 1726 vel
1030 1665 1179 1747 parocho,
1201 1666 1266 1728 sine

265 1749 382 1830 proprii
410 1754 534 1835 parochi
557 1777 720 1839 consensu,
744 1756 876 1840 punitur
894 1753 1095 1842 suspensione
1118 1765 1186 1820 tata.

312 1840 482 1922 Reputans,
512 1865 582 1908 cum
611 1847 737 1908 Viativel
767 1843 1142 1907 Extremam-Unctioucm
1170 1855 1267 1922 estra-

251 1922 326 2014 ,neis
343 1927 560 1996 administrans
584 1935 648 1998 sine
666 1935 790 2018 parochi
814 1932 948 2004 licentia,
966 1932 1260 1995 excrinununicutio-

265 2034 333 2076 nem
357 2019 537 2103 simpliciter
562 2037 742 2088 reservatam
768 2024 912 2088 incurrit.

307 2107 350 2166 De
376 2112 510 2174 venereis
537 2111 645 2176 coteler
667 2099 830 2182 tinctorem
860 2110 913 2172 lib·
934 2114 967 2190 a,
993 2109 1040 2172 ill·
1065 2113 1118 2176 l5·

306 2194 476 2278 Regularis,
501 2207 517 2262 a
540 2203 724 2266 monasterio
750 2203 884 2287 legitime
906 2201 1059 2282 expulsus,
1083 2209 1261 2284 perpetuam

265 2288 499 2364 suspensionem
527 2291 669 2358 incurrit.
765 2287 767 2296 ’
1248 2300 1249 2311 ’

207 2438 209 2444 ,
305 2377 460 2453 Apostasia
477 2379 515 2441 ab
535 2381 651 2443 Ordine
666 2378 984 2444 excommunicatione
1004 2386 1033 2438 et
1046 2377 1269 2460 irregularitate

262 2462 404 2540 punitus.
1147 2479 1148 2484 ’

259 2551 450 2631 (trinitatum,
478 2569 530 2620 aut
553 2559 694 2622 Vicarins
718 2557 913 2642 Capitularis,
942 2554 1058 2618 litteras
1075 2554 1111 2616 ad
1137 2554 1267 2617 Ordina-

264 2637 380 2704 tionem
407 2645 545 2709 tribuens
568 2670 627 2711 non
652 2651 786 2712 arctatis
812 2649 889 2708 intra
910 2667 1025 2707 annrsm
1046 2645 1084 2707 ab
1116 2643 1269 2707 Ordinarii

261 2726 471 2809 defunctione,
501 2737 630 2800 incurrit
655 2737 851 2800 interdictum
879 2737 946 2819 ipso
968 2735 1061 2796 lacto.
1213 2725 1217 2744 ’

302 2821 450 2906 Exemph,
468 2825 637 2889 tribuentes
653 2828 718 2890 siue
736 2847 824 2888 carisa
848 2825 960 2886 litteras
974 2823 1011 2884 ad
1026 2821 1263 2885 Ordinationem
1295 2867 1296 2872 κ

256 2927 318 2969 uon
335 2910 373 2972 ad
391 2915 552 2995 proprium
576 2917 626 2978 sed
647 2915 684 2977 ad
709 2916 845 2978 alienum
871 2913 1072 2996 Episcopum,
1098 2912 1263 2975 incurrunt

257 3001 489 3078 suspensionem
514 3003 552 3066 ab
578 3004 683 3068 officio
708 3015 736 3067 et
758 3002 920 3066 beneficio.

299 3086 466 3154 Ordinatus
490 3093 528 3155 ab
555 3095 707 3178 Episcopo
722 3103 896 3171 censuram,
919 3090 962 3152 vel
981 3087 1018 3152 ab
1036 3098 1177 3151 extraneo
1194 3090 1260 3153 sinc

256 3173 363 3238 litteris
389 3183 518 3264 proprii,
552 3185 597 3246 vel
626 3189 644 3245 a
670 3183 796 3267 propriu
817 3183 847 3244 iu
869 3180 965 3244 alicua
989 3179 1111 3240 dioecesi
1142 3179 1258 3264 absque

255 3263 376 3328 licentia
399 3270 555 3334 Ordiuarii
581 3274 696 3358 proprii
730 3271 881 3353 dioecesis,
904 3269 950 3332 vel
974 3269 1052 3331 iutra
1077 3289 1192 3338 annum
1218 3268 1257 3330 ab

253 3350 339 3416 obitu
361 3361 492 3444 proprii,
516 3374 569 3424 aut
589 3383 641 3448 per
665 3362 788 3441 saltum,
814 3360 1045 3444 suspensionem
1077 3355 1115 3418 ab
1137 3354 1254 3420 Ordine

260 3459 401 3510 incurrit.

297 3537 485 3620 Capitulum,
512 3562 626 3604 novum
649 3541 812 3605 Praelatum
834 3538 989 3622 recipiens
1011 3534 1126 3618 absque
1155 3539 1256 3618 Apos-

252 3627 350 3689 tolicae
365 3629 453 3691 'Sedis
475 3631 643 3693 litterarum
665 3629 910 3714 praesentatione,
940 3622 1163 3688 beneficiorum
1190 3646 1258 3688 sus·

221 3789 223 3793 ¹
257 3717 438 3798 pensionem
465 3718 607 3782 incurrit.

301 3807 446 3870 Canonici
482 3808 623 3870 Ecclesiae
645 3804 845 3877 Cathedralis,
876 3803 1091 3866 transferentes
1115 3801 1261 3866 Ecclesiae

256 3897 388 3957 vacantis
409 3897 543 3981 regimen
574 3895 734 3960 nominato
766 3907 819 3957 siit
842 3905 1021 3978 praeseutato
1058 3896 1075 3952 a
1105 3894 1263 3954 Potestate

257 3983 340 4065 laica,
379 3986 527 4051 nominati
558 3997 587 4050 ct
619 3984 791 4072 praesentati
823 3982 958 4068 regimen
984 3991 1175 4066 acceptantes
1198 3979 1277 4062 suh,
