2924 4770
130 541 169 580 '⁵
232 561 297 621 lib
562 573 808 616 msrxrurxonuu
885 571 887 574 ·

190 693 325 758 ticulum
357 688 511 764 imminet,
546 707 728 772 responsum
758 688 829 754 tuin
867 684 1084 772 Affirmative,
1106 680 1181 746 dili·

185 782 300 866 gentie
321 787 353 842 et
369 779 500 842 cautelis
515 787 623 840 tamen
633 778 759 859 positis,
779 790 816 843 nt
829 779 894 862 opii
907 779 1026 842 abusus
1041 775 1183 860 malique

189 869 331 952 ffectns‘,
355 890 397 932 ex
419 867 605 950 hujusmodi
636 868 733 932 ebuso
747 878 990 950 pronuntiantes,
1015 867 1179 932 evitentur.

190 956 374 1044 Hujusmodi
393 955 604 1040 responsione,
623 978 691 1040 qxne
706 959 912 1042 exceptionem
931 954 1065 1039 respicit,
1089 975 1182 1020 unns-

192 1049 320 1134 quisque
348 1044 429 1109 videt
452 1044 580 1108 minime
600 1044 748 1110 infirmari
772 1047 922 1130 generetis
948 1044 1081 1123 decreta,
1110 1048 1182 1131 qui-

193 1138 250 1201 bus
281 1135 344 1220 opii
373 1134 487 1198 abusus
513 1133 717 1216 improbatur:
742 1135 842 1222 ‚idque
867 1134 1027 1222 perspicue
1047 1129 1181 1199 deelara-

191 1237 256 1290 tum
282 1235 326 1289 est
358 1224 432 1288 seria
453 1225 495 1286 lv
515 1225 534 1285 d
558 1222 634 1285 Julii
661 1226 762 1290 t885.

142 1375 144 1382 .
236 1319 270 1381 6.
319 1316 372 1376 Ex·
386 1312 432 1376 bis
453 1310 599 1375 omnibns
618 1312 840 1398 sequiturz‘l.⁰
863 1313 927 1398 opii
954 1312 1106 1379 culturam
1120 1335 1182 1377 non

194 1397 257 1468 esse
288 1401 413 1488 quidem
432 1422 487 1484 per
510 1423 541 1464 se
573 1399 724 1481 illicitam,
757 1403 788 1464 in
822 1401 931 1466 Sinieis
958 1414 1059 1469 autem
1086 1403 1183 1488 regio-

193 1494 286 1558 nibus
320 1491 360 1554 ob
391 1491 501 1554 abusos
532 1487 645 1575 quibus
675 1491 837 1554 obnoxiam
873 1513 936 1555 esse
974 1515 1007 1556 ex
1038 1493 1183 1557 diuturna

150 1588 153 1596 '
194 1571 375 1665 experientia
403 1590 486 1642 certo
499 1590 628 1654 constat,
647 1579 713 1643 lieri
731 1581 868 1644 illicitam
886 1603 921 1644 ac
935 1581 1065 1665 proinde
1082 1581 1186 1655 Chris-

194 1669 366 1735 tibdelibns
397 1669 564 1754 generatim
591 1691 654 1732 esse
683 1669 938 1752 interdicendam3
969 1675 1022 1734 29
1055 1693 1110 1736 nec
1135 1693 1186 1734 se·

196 1783 249 1824 eus
277 1759 315 1822 de
344 1757 531 1822 commercio
561 1755 778 1843 judicandum,
806 1757 888 1845 quod
906 1762 1045 1845 quamvis
1079 1782 1133 1846 per
1155 1780 1186 1821 se

197 1848 315 1913 malum
346 1847 473 1926 nonsit,
503 1851 618 1908 ma¹un1
661 1857 762 1911 tamen
795 1847 896 1912 evadit
924 1847 964 1911 ob
989 1871 1092 1934 graves
1111 1848 1188 1912 abu-

198 1961 248 2002 sus
281 1961 314 2001 ex
339 1958 375 2000 eo
395 1935 618 2021 utplurimum
638 1944 667 1997 et
703 1935 767 2000 iere
788 1937 954 2000 universim
980 1951 1137 2002 nranantes
1160 1949 1189 1999 et

199 2028 239 2091 ob
258 2028 338 2110 leges
368 2022 444 2088 ittud
476 2035 619 2104 vetantes3
651 2016 781 2112 ideoque
810 2027 1038 2111 prohibendum
1058 2047 1191 2092 nonso·
1230 2066 1233 2070 -

127 2129 140 2141 ²
197 2116 331 2194 lamiis,
367 2115 419 2198 qui
442 2112 518 2177 illud
543 2112 658 2178 directe
688 2126 838 2194 exercent,
864 2115 915 2179 sed
937 2118 1032 2206 etiarn
1052 2117 1101 2200 iis,
1135 2114 1188 2200 qni

198 2205 297 2269 eidem
325 2203 436 2284 favent,
469 2203 522 2289 qui
546 2203 660 2266 scilieet
683 2204 845 2289 pecuniam
872 2205 1002 2269 scienter
1025 2205 1088 2290 opii
1109 2226 1191 2268 mer-

199 2294 354 2358 catoribus
387 2293 588 2375 imperentur,
622 2291 668 2355 vel
699 2315 788 2385 agros
816 2293 846 2356 in
880 2295 943 2378 opii
963 2295 1115 2359 culturam
1148 2297 1190 2358 lo·

200 2396 281 2464 ennt;
323 2387 376 2446 59
408 2381 471 2466 opii
501 2403 605 2465 usum,
634 2380 686 2466 qui
713 2383 742 2446 in
773 2382 853 2446 Sinis
888 2382 1028 2448 obtinere
1062 2383 1189 2456 dicitur,

201 2485 347 2558 tanquam
379 2470 588 2543 detestabilem
619 2469 749 2534 abusum
770 2472 810 2535 ab
834 2473 967 2536 Ecclesia
1005 2473 1191 2537 babitumet

202 2562 345 2624 illicitum
374 2558 574 2640 deelaratnm3
598 2561 655 2630 Μ’,
675 2560 813 2644 ejusdem
834 2582 924 2624 usum
947 2563 1083 2647 permitti
1104 2583 1192 2648 passe

203 2651 252 2729 iis,
297 2647 466 2734 quieidem
496 2671 560 2711 sese
576 2647 803 2726 assuefecerint,
825 2651 940 2738 quique
973 2652 1011 2714 ab
1037 2653 1090 2716 illo
1114 2651 1191 2714 abs-

203 2740 299 2802 tinere
335 2738 463 2801 omnino
502 2738 715 2821 nonpossint
748 2739 813 2802 sine
848 2740 955 2802 mortis
984 2741 1122 2825 periculo
1146 2740 1192 2802 vel

204 2828 285 2912 gravi
322 2824 519 2908 detrimento,
552 2826 664 2909 pariter
688 2827 795 2912 opium
826 2828 909 2891 sumi
938 2851 1026 2912 posse
1051 2850 1191 2916 permo·

204 2917 278 2981 dum
313 2915 485 2998 medicinae,
515 2937 546 2978 ea
575 2927 673 2978 temen
704 2916 768 3001 lege
798 2928 831 2979 ut
869 2917 979 2980 modus
1013 2929 1043 2981 et
1069 2920 1192 3004 quanti·

205 3019 250 3069 tas
269 3019 403 3069 servetur
428 3027 494 3091 quae
524 3003 738 3068 medicinalem
768 3008 917 3070 rationem
954 3006 1081 3071 minime
1113 3029 1193 3071 exee-

206 3096 269 3178 dat,
291 3093 441 3158 etdebita
468 3093 636 3179 diligentia,
662 3105 691 3156 et
721 3096 846 3160 cautelis
865 3094 1023 3178 adhibitis,
1048 3110 1081 3159 ut
1110 3100 1194 3183 ejus·

206 3185 276 3248 dem
296 3182 409 3247 abusus
439 3181 733 3268 maliqueeliectus
767 3183 874 3248 exinde
901 3185 1086 3270 profluentes
1115 3208 1196 3271 prae·

207 3285 379 3338 caueantur.

251 3361 341 3424 Haud
372 3359 491 3424 dubitat
519 3361 580 3440 baep
619 3365 766 3446 Suprema
798 3362 1009 3449 Congregatio,
1044 3364 1118 3451 quin
1159 3363 1196 3426 ad

208 3451 307 3514 fidelis
325 3451 418 3513 Siniei
444 3450 577 3534 imperii,
600 3473 635 3515 ae
657 3472 819 3536 regnorum
842 3451 1047 3516 finitimorum
1072 3453 1111 3517 ab
1131 3454 1198 3540 opii

209 3541 305 3620 cultu,
345 3552 514 3602 mercatura
535 3552 563 3602 et
587 3563 642 3603 usu
670 3539 867 3604 deterrendos
899 3553 1050 3627 quotquot
1072 3543 1114 3606 ibi
1141 3564 1197 3628 pro

209 3629 329 3693 Christo
351 3630 499 3716 legatione
517 3629 687 3714 funguntur
707 3650 830 3693 omnem
851 3630 951 3695 daturi
976 3633 1037 3694 sint
1060 3655 1198 3718 operam,

210 3739 270 3804 qus
297 3717 425 3780 assiduis
455 3719 579 3781 monitis
604 3731 632 3781 et
664 3718 901 3797 hortationibus,
926 3742 985 3806 qua
1013 3721 1198 3807 opportunis

211 3809 242 3870 in
259 3807 366 3890 vulgus
392 3805 480 3869 editis
496 3807 617 3879 libellis,
641 3829 698 3892 qua
715 3809 923 3893 societatibus,
941 3821 974 3872 ut
1004 3813 1102 3897 ajunt,
1120 3824 1199 3876 tem·

211 3896 355 3979 perantiae
396 3896 552 3976 institutis,
588 3896 709 3982 illisque
742 3898 852 3974 modis,
898 3921 976 3985 quos
999 3901 1082 3986 juxta
1119 3900 1198 3964 varia

211 3986 350 4048 locorum
377 3994 406 4046 et
431 4006 631 4068 personarum
651 3986 794 4072 adjuncta
815 3987 911 4073 magis
931 3988 1070 4060 efficaces
1094 4001 1199 4075 aptos·
1213 3989 1231 4072 ζ’

212 4096 270 4160 que
308 4074 338 4138 in
366 4075 499 4138 Domino
538 4075 781 4140 existimaverint.
817 4077 894 4140 Cum
926 4080 1200 4166 transgressoribus
