2898 4776
244 549 289 609 ult
451 556 453 569 '
574 567 828 610 rasurarum-ouum
865 545 866 554 ¹

200 681 329 759 talibus,
358 680 399 743 adl
422 681 586 766 pacterrdunr
614 691 643 743 et
666 678 880 744 obtinemdlrm
907 678 1059 746 licentiam
1088 692 1121 746 et·
1143 686 1196 770 ju·
1250 695 1252 708 ’

159 791 162 796 ·
203 769 411 832 risdietimrem
438 771 666 834 arbord'inario,
976 795 979 805 ¹

246 864 300 924 llr.
351 860 436 921 Bulla
478 861 585 924 «Cura
605 871 723 940 καφ-εν»
759 857 895 944 ejusdem
933 863 972 924 lt.
1010 859 1142 944 Pontia,
1175 864 1209 924 8'

203 948 374 1013 Noremltr,
403 951 519 1032 ttae,
554 951 642 1033 eujus
672 948 778 1010 titulus
812 959 875 1010 esta
902 948 1064 1013 «Ecclesiae
1095 952 1196 1012 Paro-

200 1039 324 1118 cltiales,
351 1037 480 1124 Altaque
508 1037 609 1102 officia
635 1036 678 1099 ud
697 1037 875 1099 animarum
891 1059 1004 1100 curans-s
1016 1040 1194 1122 spectantia,

200 1128 231 1190 in
262 1123 357 1189 ludiis
387 1125 638 1194 Occidentalibus
677 1126 895 1210 Hispaniarum
929 1127 1003 1209 Regi
1036 1127 1194 1212 subjectis,

200 1216 291 1280 etiam
311 1217 501 1279 secularibus
520 1216 646 1278 clericis
662 1237 714 1278 seu
738 1215 923 1300 Presbyteris
939 1215 1073 1278 coarterri
1096 1234 1196 1300 posse,

200 1304 381 1370 conceditur
408 1305 571 1370 contrariis
601 1325 662 1368 uon
687 1301 917 1370 obstantibus.»
941 1311 997 1368 -l.
1031 1308 1065 1368 lu
1097 1307 1195 1367 intro·

201 1394 365 1477 ductione,¹
389 1405 419 1456 et·
444 1394 472 1456 in
506 1415 628 1479 paragr.
662 1397 700 1472 l,.
720 1397 753 1469 2,
777 1397 810 1472 5,
837 1398 881 1474 lt‚¹
906 1393 1020 1456 dicitnr
1050 1395 1133 1480 quod
1167 1395 1197 1456 in

142 1511 144 1528 ²
200 1485 297 1551 lndiis
333 1483 598 1564 Occidentalibm,
625 1481 765 1546 Ameriae
801 1493 830 1546 et
862 1482 1060 1568 Philippicis,
1097 1485 1205 1554 solatus

194 1576 354 1664 ¹regulares
385 1582 525 1656 poterant
560 1595 623 1636 esse
661 1571 799 1654 parochi3
831 1571 915 1658 qnod
946 1572 1037 1636 debet
1070 1575 1195 1644 mutari,

200 1675 229 1725 et
254 1661 292 1724 de
312 1660 392 1724 facto
418 1673 554 1726 mutatur
578 1660 720 1746 praedicta
745 1660 922 1745 disciplinam
941 1674 969 1724 et
989 1661 1119 1725 refertur
1141 1663 1198 1725 bis·

199 1752 277 1814 toria
308 1751 490 1836 quaestionis·
509 1773 601 1836 super
626 1750 768 1814 facultate
792 1752 828 1813 in·
847 1752 1040 1831 restitantes
1060 1751 1104 1814 ad
1118 1773 1198 1814 exer·

201 1838 334 1904 cendum
367 1839 512 1914 officium»
540 1838 725 1924 parochiale.
759 1843 802 1902 En
830 1839 930 1930 verba:
971 1845 1069 1905 «Garun
1101 1861 1199 1924 nuper

201 1929 398 1992 charissimus
433 1929 728 1996 ianristo'Filius
758 1939 859 1992 noster
893 1930 1108 1994 l'erdinaudus
1130 1930 1199 1993 His·

202 2019 366 2103 paniarum
392 2021 454 2083 Reu-
482 2019 666 2094 Catholicus
694 2039 749 2099 per
783 2014 938 2082 Dilectum
973 2019 1093 2083 Filium.
1123 2041 1198 2082 nos·

201 2123 284 2174 trum
313 2107 508 2172 loachimtrm
542 2113 574 2174 S.
595 2111 651 2172 R.
677 2110 710 2173 Ε.
746 2107 961 2192 Presbyterum
1005 2109 1205 2172 (lardinalem

198 2203 416 2262 Portocarrero
447 2208 672 2282 nuncupatum,
694 2197 745 2261 ad
762 2219 828 2278 sua,
855 2219 1043 2283 suorumque
1075 2201 1219 2283 Regum·

148 2345 151 2352 .
201 2309 271 2351 rum
310 2285 429 2371 negotia
464 2287 547 2372 apud
581 2290 655 2369 Nos,
693 2297 722 2350 et
758 2288 967 2371 Apostolicam
1002 2285 1119 2350 sedem:
1146 2310 1199 2370 ge·

203 2375 297 2440 rende
325 2375 497 2460 specialiter
527 2375 720 2461 deputatum,
749 2387 778 2439 et
806 2397 879 2440 voce
905 2385 934 2440 et
959 2377 1074 2462 scripto
1104 2376 1202 2440 Nobis

203 2466 412 2548 repraesentari
455 2467 620 2538 curaverit,
659 2476 834 2550 opportuna
877 2466 979 2551 aliqua
1017 2467 1208 2550 apostolieae·

203 2554 390 2617 auctoritatis
424 2565 534 2617 nostrae
563 2555 753 2634 providentia
776 2575 854 2638 opus
877 2575 941 2617 esse
965 2554 996 2616 in
1026 2553 1120 2618 ludlis
1140 2557 1201 2618 Oo-

204 2643 408 2707 cidentalibus
434 2643 531 2728 ipsius
554 2643 650 2728 Regis
671 2644 821 2710 Dominio
850 2643 984 2726 sujectis,
1010 2643 1197 2728 su'per‘lroc.

206 2731 289 2818 quod
319 2731 350 2794 in
388 2733 424 2795 iis
458 2732 649 2818 Regionibus
673 2732 844 2811 Parocbiae,
881 2734 1044 2808 Doctrinae,
1081 2731 1210 2818 aliaque·

204 2821 311 2888 Munia
337 2832 366 2884 et
396 2820 505 2885 Officia
526 2821 564 2886 ad
590 2825 767 2896 animarum
789 2843 894 2886 curam
927 2822 1121 2906 pertinentia.
1146 2842 1200 2906 per

204 2911 371 2996 Regulares
400 2909 554 2974 dumtaxat
584 2911 774 2989 obtinentur,
808 2923 837 2976 et
870 2913 1141 2984 administrantur„
1166 2910 1200 2973 in

204 3000 267 3064 vim
295 3000 487 3085 quarundam
512 3000 696 3065 Litterarum
721 3003 975 3086 Apostolicorum
993 3005 1010 3064 al
1031 2999 1208 3064 recolendae

205 3088 364 3152 memoriae
383 3088 608 3154 Praedceessore
638 3103 742 3155 nostro
769 3095 800 3158 S.
828 3091 886 3158 Pio
914 3094 995 3171 Papa
1022 3089 1080 3154 Die
1102 3089 1200 3152 XXlV

205 3179 310 3244 Martii
343 3177 426 3241 Asuui
451 3179 594 3242 MDLXll
616 3179 781 3251 editarum,
812 3191 841 3243 et
872 3179 1099 3264 incipientium-3
1127 3177 1199 3242 Eas·

198 3268 280 3350 poni
299 3269 396 3350 nobam
422 3267 535 3353 quibus
556 3262 688 3332 alibrum
712 3270 801 3332 etiam
830 3271 1043 3333 Romanorum
1068 3265 1199 3332 Pontili‘e

206 3377 277 3421 cum
299 3355 564 3420 Praedecessorum
590 3367 766 3422 nostrorum
789 3357 1038 3427 confirmationes
1064 3375 1198 3420 accesse-

205 3455 290 3524 runt3
316 3461 437 3530 exque
461 3443 508 3522 fit,
532 3457 565 3510 ut
588 3443 749 3512 universus
767 3446 874 3513 Clarus
899 3447 1050 3512 Secularis
1076 3445 1206 3509 illarum

206 3535 359 3618 Panium,
376 3536 573 3622 quantumvis
603 3536 740 3602 dmulto·
758 3539 822 3623 jam
846 3547 997 3623 tempore,
1022 3546 1051 3600 et
1071 3543 1204 3598 numero

206 3625 364 3710 frequens,
393 3633 422 3686 et
452 3623 607 3708 moribus,
640 3636 730 3712 atque
754 3626 894 3690 doctrina
919 3627 1105 3712 conspicuus
1137 3645 1200 3687 esse

206 3713 415 3794 dignoscatur,
439 3711 477 3776 ab
507 3713 618 3780 iisdem.
640 3715 808 3790 Paroebiis,
832 3716 1000 3802 Doctrinis‚
1022 3713 1206 3798 caeterisque

207 3802 338 3880 Officiis,
365 3811 455 3887 atque
479 3803 661 3868 muneribus
682 3805 856 3870 animarum
883 3827 989 3869 curam
1009 3823 1199 3868 concernen-

186 3891 297 3972 tibus
323 3891 464 3955 ommino
494 3894 631 3958 exclusus
658 3905 824 3976 remaneat3
858 3915 917 3980 qua
942 3891 1069 3980 quidem
1103 3891 1142 3955 de
1167 3911 1207 3954 re·

206 4003 291 4066 qurm
314 3980 510 4046 Venerabiles
535 3985 654 4047 Fratres
679 3985 773 4048 nostri
796 3983 1029 4068 archiepiscopi
1052 3991 1081 4046 et
1107 3980 1199 4067 Epis·

204 4071 274 4156 copi
297 4091 350 4156 per
378 4070 498 4136 easdem
521 4071 680 4138 ludicrum
703 4074 856 4162 Regiones
875 4073 1044 4154 constituta,
1068 4091 1205 4136 nausea
