2898 4776
265 582 308 644 ll)
591 581 839 645 rnsrrrurtoanu
944 591 946 596 ’

610 867 747 981 ΙΝῑῚΜ.
768 884 810 948 4.

309 1122 312 1135 ,
336 1044 517 1133 consecro
540 1080 651 1130 rursu
674 1055 917 1134 soresrnreu
941 1083 1087 1137 onorius

540 1189 588 1238 sn
601 1187 893 1254 Jmusmcrroms.

253 1339 308 1400 1³1ae
331 1343 403 1398 sunt
427 1331 606 1404 different'ne
636 1335 716 1399 inter
747 1341 925 1422 potestatem
957 1333 1085 1400 Ordinis
1107 1349 1137 1402 ct
1157 1339 1210 1422 ju·

212 1423 409 1489 risdictiouis.
733 1448 737 1458 ¹

252 1520 285 1582 l.
335 1513 436 1576 Primo
459 1521 504 1574 est
534 1510 571 1574 ad
595 1513 889 1589 communicandum
916 1513 994 1578 bona
1020 1514 1205 1599 spiritualia,

207 1603 362 1688 praecipue
386 1613 586 1682 sacramente,
612 1625 679 1688 quae
702 1613 774 1665 sunt
807 1602 927 1666 vincula
961 1602 1137 1688 christianae¹
1153 1627 1209 1670 so·

158 1698 159 1702 ’
208 1692 337 1757 cietatis.
364 1689 501 1754 Sccnrrdo
526 1688 616 1752 datrrr
635 1693 672 1756 ad
691 1690 946 1776 gubernandum.

250 1785 282 1847 2.
333 1781 434 1844 Prima
459 1781 487 1842 in
512 1787 673 1864 semetipsa
697 1775 726 1843 el
749 1785 814 1866 ejus
836 1783 1009 1845 extensione
1031 1792 1076 1844 est
1098 1787 1113 1844 al
1133 1785 1204 1868 jure

205 1869 324 1949 divino,
355 1867 456 1954 qaroed
484 1889 572 1930 nsunt
596 1891 666 1932 rero
694 1873 710 1932 d
734 1873 804 1955 jure
830 1870 978 1935 lmmano.
1002 1870 1140 1934 Secunda
1174 1873 1205 1934 in

206 1958 302 2043 seipsa
330 1972 374 2021 est
397 1963 413 2019 ei
438 1959 507 2043 jure
531 1956 648 2038 divino,
681 1957 782 2044 quoad
815 1959 1019 2023 extensionem
1053 1971 1082 2022 et
1115 1981 1206 2024 usunr

205 2051 220 2110 d
246 2051 315 2132 jure
336 2048 483 2110 ltonmno.

252 2141 284 2200 5.
332 2137 435 2200 Prima
462 2135 608 2199 l'nndatnr
632 2137 662 2199 in
684 2135 858 2206 charactere
883 2137 1033 2220 impresso
1059 2141 1076 2202 ai
1106 2160 1210 2202 sacra-

206 2238 311 2296 mento
334 2225 470 2288 Ordinis.
491 2223 630 2288 Secunda
653 2247 726 2290 rcro
743 2227 773 2289 in
801 2225 971 2290 ministerio
990 2248 1042 2290 seu
1063 2228 1212 2292 missione

207 2314 421 2378 ecclesiastica.
845 2356 852 2366 -

248 2408 280 2468 lt.
332 2404 432 2476 Prima
459 2401 553 2466 deleri
579 2403 694 2488 nequit.
721 2402 858 2467 Secundo
881 2401 991 2489 pendet
1019 2408 1036 2467 ri
1063 2407 1207 2471 Romano

205 2491 355 2556 Pontidce
375 2504 404 2554 et
425 2493 566 2577 legitimis
590 2491 813 2576 superioribus.

255 2585 288 2648 5.
337 2581 441 2646 Prima
464 2581 597 2665 delegari
616 2581 734 2666 nequit.
764 2581 872 2667 Utique
898 2603 968 2648 vero
994 2581 1140 2648 secunde.
1239 2575 1244 2586 ’

249 2673 282 2736 6,
314 2671 433 2734 ¹Prima
469 2669 575 2732 finitur
607 2681 636 2732 et
668 2670 840 2754 completur
872 2669 903 2734 in
929 2671 1120 2758 episcopatu.
1153 2675 1209 2736 Se-

207 2759 306 2822 cunde
331 2781 401 2822 vcro
430 2759 459 2821 in
481 2758 663 2822 Pontificem
691 2762 866 2826 Romano.-

248 2853 282 2914 7.
329 2850 432 2911 Prima
470 2847 705 2931 comprehcndit
742 2847 796 2912 hos
835 2848 958 2932 gradus:
999 2849 1205 2928 ostiariaturn;

206 2939 400 3016 lectoratum,
440 2938 664 3019 exeneistatum,
710 2938 903 3024 ticolytatmn,
942 2937 1208 3018 subdiaconatum,
1249 2949 1252 2954 ’

203 3027 412 3105 diaconatum,
432 3026 678 3112 presbyteratum
693 3049 709 3089 e
725 3029 958 3112 tepiscopatnm.
979 3026 1116 3089 Samrnda
1136 3049 1207 3091 rero

203 3115 439 3200 comprehendit
477 3127 537 3178 tres
575 3115 758 3200 principales
792 3118 930 3203 gradus:¹
961 3115 1208 3204 jurisdictionem

205 3206 389 3289 simplicem,
423 3225 491 3287 quae
517 3206 594 3268 inest
621 3205 784 3290 episcopis3
809 3209 944 3289 plenem,
980 3205 1031 3268 sed
1064 3227 1123 3268 non
1155 3229 1209 3278 su·

203 3315 357 3380 premant,
378 3313 453 3378 quee-
470 3292 561 3356 inluit
586 3295 755 3376 Apostolis,
775 3293 937 3377 desumpto
958 3300 1063 3374 Petr03
1087 3295 1208 3376 plenam
1302 3319 1304 3325 ¹

203 3397 232 3447 et
257 3404 446 3468 supremam,
475 3405 542 3468 quse
571 3381 664 3446 iulu'it
683 3383 797 3464 Petro,
821 3386 948 3470 ejusque
974 3383 1203 3465 succesoribus,

203 3485 232 3536 et
266 3473 343 3534 inest
376 3489 496 3556 semper
529 3475 669 3538 Ronnrno
705 3472 861 3536 Pontifici:
896 3484 925 3536 ct
954 3474 1052 3536 varios
1088 3472 1203 3556 gradus

203 3560 413 3642 secundarios,
451 3562 690 3635 cardenalatum,
732 3561 909 3647 legationes,
949 3563 1202 3650 patriarclratmu,

201 3651 386 3736 primatum,
417 3650 666 3735 metropolytnm,
695 3661 752 3714 etc.

247 3739 386 3825 Denique
414 3739 581 3802 {rotandum
609 3751 652 3801 est
680 3737 763 3822 qnod
788 3749 887 3824 potest
910 3740 1020 3827 aliquis
1050 3763 1114 3804 esse
1142 3741 1201 3802 oli·

203 3830 251 3890 cui
278 3828 406 3894 inferior
428 3829 457 3890 in
485 3840 631 3911 potestate
650 3827 767 3891 ordinis
783 3841 812 3892 et
834 3832 975 3912 superior
998 3828 1106 3894 eodem
1125 3842 1218 3908 tern-¹
1255 3883 1260 3890 .

201 3939 277 4002 pore
300 3917 328 3979 iu
357 3929 500 4002 potestate
522 3917 758 4002 jurisdictionum
784 3929 814 3981 et
835 3919 917 4003 quod
951 3931 1082 4005 potestas
1106 3921 1202 4003 juris·

202 4004 346 4070 dictionis
371 4005 538 4069 destruitur
568 4006 596 4068 in
624 4004 778 4092 subjectos
801 4020 925 4096 sponte,
953 4031 1011 4095 per
1037 4008 1147 4096 legem,
1174 4020 1203 4071 et

202 4096 392 4182 superiorem
418 4095 600 4182 legitimum.
