2938 4770
652 448 876 493 canonicarum
1152 432 1166 491 l
1181 431 1216 491 l9

272 565 393 630 licerio
417 561 569 641 Generali3
601 559 662 624 sive
691 582 794 624 coram
815 561 937 626 duobus
962 563 1089 628 testibus
1111 563 1267 626 eeclesias·

268 656 337 718 ticis
363 665 414 718 aut
444 652 527 716 laicis
555 649 688 735 probatae
713 650 903 734 integritatis.

313 751 327 824 ἓ
352 749 384 809 l.
433 745 526 805 Actus
548 739 747 823 subsignatur
772 744 789 804 a
815 739 952 826 partibus
978 740 1181 827 presentibus
1202 744 1264 804 etei

181 909 183 912 ,
269 842 423 917 praevento
452 851 587 914 quoque,
620 829 646 890 si
670 828 750 892 velit.
1224 837 1230 884 ’.

312 925 384 1002 §2-
435 919 574 982 l'icarius
604 918 761 981 Generalis
792 915 924 1005 adjicere
949 919 1026 982 valet
1053 921 1263 1004 juramentum
1311 995 1313 1003 ,

270 1008 409 1074 servandi
432 1005 593 1088 secretum,
620 1017 773 1093 quatenus
798 1005 829 1072 id
853 1007 1021 1094 prudenter
1046 1019 1164 1094 expetat
1187 1009 1267 1072 tituli

144 1127 147 1134 ·
244 1099 400 1178 indoles,
426 1097 464 1160 de
491 1117 553 1183 quo
578 1095 690 1184 agitur.

664 1253 667 1264 '
743 1275 796 1340 nr.

315 1407 421 1486 Quoad
442 1407 588 1490 penalia
614 1405 726 1482 media,
755 1406 998 1472 animadvertant
1023 1407 1267 1473 reverendissimi

273 1497 446 1574 Ordinarii,
467 1496 613 1582 'praesenti
645 1496 847 1560 instructione
875 1497 955 1561 haud
995 1497 1171 1583 derogatum
1203 1519 1268 1560 esse

268 1586 458 1672 judiciorum
478 1585 734 1660 solemnitatibus,
748 1607 803 1670 per
819 1607 920 1649 sacros
937 1590 1085 1662 CancncS,
1102 1609 1157 1672 per
1173 1587 1268 1671 Apos⁴

270 1677 383 1744 tolicas,
397 1655 636 1738 Constriutiones
662 1685 691 1736 et
712 1675 785 1738 alias
810 1675 1027 1740 ecclesiasticas
1050 1676 1266 1762 dispositiones

271 1765 437 1849 imperatis,
469 1778 620 1849 quatenus
647 1763 760 1826 eaedem
791 1762 887 1827 libere
917 1763 1266 1850 efficaciterqueappli-
1371 1827 1372 1832 ,

272 1855 333 1917 cari
353 1863 478 1942 queant3
499 1851 552 1915 sed
573 1853 772 1917 oeoonomicae
793 1851 901 1917 formae
924 1855 1084 1918 consulere
1103 1852 1268 1918 intendunt

271 1943 332 2006 illis
357 1943 478 2011 casibus
505 1941 678 2028 Clariisqne,
712 1941 741 2004 in
775 1943 890 2027 quibus
918 1944 1070 2007 solemnes
1095 1964 1267 2028 processus,

270 2033 324 2096 'aut
345 2031 484 2097 adhiberi
504 2042 667 2115 nequeant,
694 2041 825 2094 autnon
846 2032 987 2115 expedire
1006 2033 1176 2097 videantur.
1200 2034 1269 2094 Pie·
1291 2043 1292 2050 ’

272 2144 342 2186 nam
369 2143 491 2206 quoquc
517 2120 578 2183 vim
602 2130 703 2208 servat
726 2141 811 2182 snam
842 2119 1068 2202 extrajndiciale
1095 2120 1267 2184 remedium

272 2233 315 2274 ex
335 2212 512 2292 informata
536 2209 720 2271 conscientia
737 2229 793 2292 pro
817 2208 1000 2271 criminibus
1022 2209 1161 2284 occultis,
1186 2207 1268 2294 qnod
1364 2239 1367 2252 ·

274 2299 405 2366 decrevit
431 2303 462 2363 S.
491 2297 667 2360 Tridentina
692 2297 834 2381 Synodus
858 2297 889 2360 in
909 2296 993 2360 Sess.
1022 2317 1065 2380 14
1083 2309 1150 2379 cap.
1180 2318 1210 2360 J.
1230 2298 1269 2359 de

273 2390 416 2470 Reform.
445 2386 669 2467 adhibendum,
691 2407 773 2472 'cum
806 2385 1007 2472 illis‘regulis
1034 2396 1063 2450 et
1089 2386 1267 2450 reservatio·

273 2478 377 2550 nibus,
411 2499 486 2563 quas
507 2486 680 2548 constanter
702 2474 829 2539 servavit
857 2497 914 2560 pro
938 2475 1013 2538 dicti
1037 2476 1146 2559 capitis
1170 2476 1265 2538 inter-

272 2566 449 2652 pretatione.
476 2568 514 2632 S,
541 2567 741 2650 Congregatio
771 2564 802 2626 in
833 2565 977 2648 pluribus
1008 2563 1265 2638 resolutionibus,

274 2667 303 2718 et
338 2656 493 2739 praecipue
529 2653 560 2718 in
593 2655 741 2718 Bosm'en.
775 2664 804 2717 et
831 2653 980 2719 Sirmien.
1014 2657 1058 2718 20
1088 2653 1267 2718 Decembris

166 2797 171 2804 .
273 2747 375 2814 lars,
406 2744 447 2829 p)

753 2880 792 2941 X.

320 3017 422 3090 anrm
453 3008 578 3096 procedi
606 3020 745 3096 oporteat
769 3010 982 3094 criminaliter,
1015 3011 1075 3074 sire
1112 3011 1270 3074 infractio·

275 3103 323 3166 nis
342 3101 498 3187 praecepti,
517 3111 568 3162 nrrt
585 3100 750 3162 criminum
770 3101 997 3178 communium,
1016 3101 1062 3166 rel
1087 3101 1188 3187 legum
1210 3103 1267 3162 Ec·

276 3193 376 3254 clesiae
410 3190 583 3253 violationis
610 3211 711 3270 causa3
746 3210 904 3271 processus
932 3187 1043 3254 confici
1073 3201 1171 3276 potest
1200 3189 1267 3253 for·

276 3281 335 3344 mis
359 3279 535 3366 summariis
555 3291 583 3342 et
611 3279 724 3364 absque
746 3277 857 3363 judicii
879 3270 1018 3366 strepitu,
1043 3280 1164 3344 servatis
1185 3301 1269 3342 sem-

276 3392 331 3454 per
359 3369 471 3456 regulis
500 3369 624 3454 justitiae
650 3365 928 3435 substantialibus.¹

746 3547 799 3611 Xl.

320 3685 484 3748 Processus
514 3681 675 3744 instruitur
703 3701 737 3742 ex
761 3681 858 3764 (plicia
882 3689 934 3744 aut
958 3680 989 3745 in
1011 3682 1164 3772 sequelam
1193 3703 1266 3766 sup-

276 3837 573 3850 *mn-

315 3891 351 3962 ll)
390 3893 485 3947 Habes
515 3894 587 3950 hane
606 3891 794 3962 qaaestionem
816 3891 883 3948 Vol.
912 3891 1271 3966 V11.·pag.569apnam.

280 3968 346 4016 Actae
369 3965 463 4016 Sanctoe
486 3969 564 4018 Sedis.
823 4009 826 4012 .
