2938 4770
682 681 909 747 cnuourcnnuns

387 1043 430 1118 ex
457 1045 494 1134 s.
526 1045 661 1121 ccum.
694 1045 869 1121 seluce„
893 1044 938 1119 ετ
969 1001 1213 1120 secuuntur.
1247 1082 1251 1089 -

662 1375 938 1444 INSTRUCTIO'

288 1523 367 1574 reo
386 1519 671 1578 uccusmasrrcrs
707 1525 822 1577 cuens
846 1525 980 1588 Quone
998 1523 1137 1576 nouum·
1165 1523 1293 1573 enoce-

345 1631 462 1680 osum
485 1633 708 1686 cucouomcs
732 1611 772 1684 m
794 1631 915 1684 ceusrs
938 1631 1243 1682 urscrecmmueus

501 1741 548 1790 ur
572 1741 826 1794 cernissemus
849 1739 1089 1791 cucumerum

433 1908 499 1978 Die
518 1933 560 1977 ΙΙ
580 1913 793 1989 Junii1880.
866 1921 880 1948 ²

342 2049 431 2110 Sacra
451 2045 515 2111 hacc
542 2051 604 2112 EE.
624 2059 653 2114 ct
677 2051 745 2115 Ru.
767 2048 979 2136 Congrepatio,
1008 2057 1128 2113 mature
1155 2044 1295 2130 praeecnti

300 2134 442 2198 Ecclesiae
466 2136 643 2202 conditione
672 2157 834 2221 perpensa,
860 2158 928 2223 quse
955 2157 1032 2222 pene
1058 2136 1203 2237 ubique
1196 2157 1296 2220 impe-

301 2222 400 2300 ditur
428 2223 595 2311 quominus
620 2237 772 2289 externam
800 2227 927 2310 explicet
954 2245 1042 2289 sitem
1070 2226 1220 2288 actionem
1247 2247 1301 2287 sc-

295 2333 351 2394 per
382 2314 523 2378 materias
555 2326 584 2378 et
612 2333 758 2398 personas
785 2311 1014 2394 ecclesiasticae,
1050 2325 1079 2377 ct
1096 2313 1298 2378 considerato

293 2421 417 2486 quoque
446 2402 566 2466 delectu
596 2403 771 2467 mediorum
805 2415 948 2488 aptorum
981 2422 1039 2488 pro
1067 2403 1200 2482 regulari
1233 2407 1296 2466 Cu-

291 2490 407 2554 riorum
434 2492 638 2569 ordinatione,
666 2491 827 2556 constituit
848 2493 1024 2556 facultatem
1053 2491 1227 2556 Ordineriis
1253 2493 1299 2554 lc·
1343 2521 1348 2526 ·

289 2599 398 2644 curum
423 2575 561 2666 expresse
586 2582 767 2658 concedere,
791 2591 825 2644 ut
854 2581 970 2645 formas
994 2581 1091 2666 magis
1123 2582 1297 2644 aeconomi

285 2689 340 2731 ces
368 2669 515 2735 adhibere
541 2671 692 2736 valeant
684 2694 714 2734 rn
746 2670 891 2736 exercitio
917 2693 978 2734 suae
1008 2669 1254 2774 disciplinarisss
1228 2692 1296 2772 .Ju·

290 2755 479 2821 risdictionls
500 2781 592 2844 super
619 2759 811 2826 Clericis.l
789 2763 827 2823 Ut
860 2769 962 2823 eutem
987 2769 1050 2820 totn
1069 2759 1195 2845 justitiae
1219 2759 1296 2822 rotiu

290 2858 367 2908 sarta
393 2857 531 2934 tectaque
553 2861 682 2924 maneat,
705 2859 900 2934 serveturque
925 2868 1122 2931 processuum
1148 2848 1297 2910 canonice

290 2954 342 2996 reo
325 2935 470 3020 puleritas
499 2947 529 3001 et
551 2937 759 3017 uniformitas,
788 2946 998 3023 opportunum
1024 2936 1142 3000 censuit
1161 2958 1293 3026 sequen-

289 3033 333 3087 tes
362 3045 506 3090 emanere
532 3047 669 3112 normas
699 3047 715 3090 a
748 3025 850 3090 Curiis
876 3024 1050 3090 servandus

782 3206 825 3267 1.:

337 3336 503 3403 Ordinario
528 3339 679 3425 pastorale
713 3359 791 3404 unus
819 3337 971 3403 incumbit
997 3335 1195 3423 disciplinam
1221 3360 1294 3402 cur·

291 3428 521 3515 sectionemque
552 3429 743 3493 Clericorum
771 3433 788 3492 a
817 3449 848 3492 sc
876 3425 1114 3514 dependentium
1135 3427 1295 3508 curandi,

290 3535 383 3600 super
410 3516 592 3581 corumdem
620 3518 688 3583 vitae
717 3518 866 3583 rationem
892 3515 1062 3604 vigilando,
1091 3515 1298 3601 remediisque

289 3605 403 3669 riterrdc
428 3607 585 3671 canonicis
611 3605 648 3671 ad
680 3605 892 3692 praecavendas
910 3605 998 3692 apud
1026 3604 1151 3671 eusdem
1176 3618 1205 3668 et
1236 3606 1293 3669 eli-

293 3693 458 3759 minandas
484 3695 607 3760 ordinis
634 3696 894 3782 perturbationes.

776 3875 816 3938 ll.

338 4008 378 4068 Ex
410 4005 457 4069 iris
484 4005 629 4070 remediis
657 4007 712 4071 alia
742 3987 944 4093 praeveniunt,
973 4007 1031 4071 alia
1062 4007 1235 4093 reprimunt
1267 4015 1296 4068 et

294 4094 445 4160 medelam
478 4094 620 4164 afferunt.
647 4097 753 4161 Priore
779 4097 816 4162 ad
846 4097 906 4164 hoc
930 4097 1108 4182 diriguntur
1135 4110 1167 4159 nt
1197 4097 1296 4179 impe·

293 4183 379 4249 dicut
409 4184 579 4274 quominus
610 4196 725 4250 malum
757 4187 908 4269 adveniat,
939 4198 972 4251 ut
998 4185 1132 4252 scandali
1156 4185 1294 4268 stimuli,
