2938 4770
278 607 321 666 82
559 666 561 670 ,
605 619 851 664 ιΝεΤιτυτιοΝυΜ

273 735 413 820 Denique
437 719 646 798 confitendum
670 744 723 808 est,
745 733 828 819 quod
848 734 1036 816 testimonia,
1055 737 1087 800 in
1105 759 1167 804 uno
1179 741 1227 824 ju·

232 827 314 891 dicio
345 825 446 899 allata,
474 823 577 908 ¹ualent
599 844 655 908 pro
687 823 794 902 attero,
829 823 918 898 side
946 825 1051 892 eadem
1083 849 1173 892 eausa
1200 837 1230 892 et

231 915 349 980 eisdem*
370 912 509 997 personis
531 921 686 994 tractatum
707 912 792 997 q‘uod
818 915 1023 980 attestationes
1048 927 1176 1002 receptae
1194 917 1227 979 in

229 1003 397 1069 summario
413 1001 507 1064 iidem
531 1023 593 1063 non
614 1000 732 1063 faciunt
751 1001 781 1064 in
806 1003 958 1088 plenario,
981 1016 1011 1067 et
1029 1005 1113 1092 quud
1133 1006 1229 1069 unius

238 1091 448 1158 testimoninm
477 1111 537 1153 non
556 1087 674 1152 suflicit
696 1089 736 1152 ad
762 1090 1031 1160 condonationem.
1168 1099 1171 1110 ’

275 1185 400 1248 «Pieres
437 1199 507 1242 vero
542 1188 643 1258 testea,
673 1179 727 1242 sed
758 1180 940 1266 singulares,
961 1183 1017 1269 qui
1049 1204 1161 1268 nempe
1189 1176 1229 1247 'de

189 1286 191 1292 ’
229 1294 292 1340 uno
313 1270 483 1353 eodemque
503 1266 583 1332 faeta
606 1278 659 1332 aut
679 1269 830 1347 contraria
850 1283 902 1333 aut
918 1270 1035 1336 diversa
1054 1272 1229 1336 testimonia

227 1363 308 1426 cirea
338 1377 511 1445 personam,
539 1379 616 1440 rem,
639 1379 774 1432 eausam,
802 1367 934 1444 tempuS,
964 1362 1081 1442 locum,
1109 1373 1139 1425 et
1160 1361 1224 1424 cir-

227 1447 417 1515 cunstant'ias
441 1444 561 1524 dicunt,
583 1456 635 1509 aut
650 1447 744 1527 nihil,
771 1459 823 1510 aut
846 1451 1015 1536 semiplene
1036 1449 1181 1535 probant,
1201 1449 1226 1513 si
1265 1479 1269 1486 ·

227 1539 341 1604 etenim
362 1535 421 1600 sibi
441 1534 563 1620 penitus
590 1534 813 1621 contradicant,
838 1539 956 1603 nuiiam
980 1539 1076 1604 fidem
1099 1538 1228 1617 iaciunt,

226 1630 299 1716 quia
325 1623 535 1690 testimonium
564 1625 689 1690 alterius
718 1625 757 1688 ab
781 1627 878 1692 altero
906 1628 997 1714 plane
1029 1627 1169 1707 eliditur3
1204 1627 1229 1690 si

157 1755 159 1764 ι
226 1739 298 1782 vero
320 1708 436 1780 diversa
462 1723 622 1792 testentur,
646 1736 709 1779 non
736 1727 837 1780 tamen
863 1717 1030 1800 coritiana,
1060 1716 1230 1802 semiptene
1269 1757 1272 1762 -

227 1807 264 1872 ad
287 1825 445 1870 summum
471 1803 616 1888 probant,
642 1804 713 1889 quia
740 1802 847 1869 eorum
871 1805 1002 1892 quilibet
1031 1805 1064 1870 in
1103 1805 1229 1894 propria

227 1895 417 1960 attestatione
440 1893 524 1956 testis
552 1902 596 1956 e'st
619 1893 741 1978 unicus,
767 1906 797 1958 at
820 1895 845 1958 si
868 1894 985 1959 diversa
1016 1893 1143 1982 quidem
1166 1905 1229 1957 tes-

226 1985 356 2050 timonia
385 1980 499 2062 dicant,
529 1992 723 2068 quaetamen
749 1994 858 2048 mutuo
880 1984 995 2048 faciant
1015 1983 1053 2048 ad
1088 1982 1121 2047 id
1151 2003 1232 2068 pro·
1264 1995 1266 2002 ’

129 2143 132 2152 Δ
226 2073 378 2153 bendum,
409 2068 492 2156 quod
516 2071 676 2157 quaeritur,
694 2072 870 2158 semiplene
897 2073 1046 2159 probant,
1082 2072 1227 2136 etinter-

172 2235 179 2246 ,
227 2165 303 2228 dum
327 2163 359 2226 in
377 2159 475 2226 nausis
495 2160 641 2224 uirilibus
661 2161 754 2226 etiam
779 2163 883 2247 plene,
911 2163 1003 2226 veluti
1023 2162 1050 2225 si
1084 2162 1116 2226 in
1136 2183 1229 2228 eausa

224 2253 352 2340 dejure
374 2248 549 2314 decimandi
572 2263 651 2314 unus
673 2251 756 2314 testis
781 2251 819 2316 de
840 2273 904 2316 uno
924 2262 995 2316 actu
1026 2250 1103 2314 alter
1129 2250 1167 2315 de
1189 2252 1233 2314 ai·

224 2355 290 2408 tero
309 2339 522 2406 testificetur.»
539 2339 710 2421 Veeehiotti
730 2343 805 2409 lnat.
824 2345 960 2424 Canon„
975 2345 1009 2422 2,
1027 2339 1086 2404 lib,
1099 2343 1133 2422 lt,-
1151 2363 1179 2407 o.
1191 2344 1225 2404 5.

224 2453 349 2519 paragr.
372 2433 427 2492 59.
837 2475 838 2478 ,

268 2520 317 2583 nd
339 2514 538 2604 questionem
565 2528 669 2582 utrum
693 2518 763 2604 quis
784 2529 923 2584 teneatur
947 2517 985 2582 ad
1017 2518 1229 2586 testimonium

225 2607 390 2693 injudicio
407 2603 582 2690 ferendum,
595 2605 851 2690 respondendum
872 2618 916 2671 est
938 2629 1011 2671 cum
1027 2611 1093 2675 Sto.
1110 2607 1225 2678 Thom.

223 2701 278 2762 Ἡ
298 2701 363 2774 2²2,
382 2718 414 2781 q.
441 2693 497 2779 70,
519 2699 564 2770 t.‚
582 2717 611 2762 c.
633 2706 662 2759 et
678 2693 717 2758 ad
732 2700 807 2762 2¹¹¹:
831 2696 886 2760 «ln
906 2696 1082 2761 testimonio
1105 2695 1229 2760 serendo

226 2783 480 2872 distinguendum
498 2793 552 2868 est,
566 2785 638 2873 quia
655 2784 822 2871 aliquando
835 2785 1005 2872 requiritur
1017 2785 1231 2851 testimonium

225 2875 368 2961 alicujus,
400 2872 566 2957 aliquando
591 2895 653 2938 non
678 2875 857 2961 requiritur.
884 2875 914 2938 Si
944 2875 1114 2961 requiritur
1142 2875 1228 2938 testi·

212 2966 367 3028 monium
395 2964 534 3047 alieuius
558 2958 674 3029 subditi
698 2965 878 3028 auctoritate
902 2964 1085 3048 superioris,
1119 2965 1169 3027 cui
1197 2963 1228 3026 in

226 3055 365 3141 hisquae
392 3052 431 3116 ad
455 3053 605 3139 justitiam
636 3053 799 3138 pertinent,
836 3051 963 3118 obedire
997 3063 1131 3136 tenetur,
1166 3073 1230 3116 non

225 3155 270 3208 est
307 3141 439 3208 dubium
472 3142 546 3230 quin
578 3153 716 3206 teneatur
748 3143 962 3208 testimonium
996 3142 1076 3207 ferre
1120 3142 1150 3207 iu
1182 3140 1231 3204 his

225 3233 255 3296 in
287 3231 400 3318 quibus
428 3231 598 3296 secundum
624 3230 766 3295 ordinem
788 3233 869 3318 juris
897 3232 1112 3296 testimonium
1135 3230 1174 3295 ab
1193 3253 1228 3294 eo

225 3321 365 3406 exigitur3
394 3324 468 3406 putri
497 3319 528 3384 in
556 3321 726 3384 manifestis
754 3318 812 3408 (t),
845 3332 874 3384 et
903 3321 933 3384 in
964 3321 1013 3384 his
1042 3321 1080 3384 de
1113 3321 1227 3406 quibus

225 3409 353 3474 infamia
388 3410 549 3495 precessit.
591 3410 622 3472 Si
652 3419 753 3472 autem
789 3410 919 3494 exigitor
947 3410 984 3474 ab
1018 3431 1055 3475 eo
1089 3409 1227 3472 testimu-

225 3500 313 3563 nium
345 3499 374 3561 in
407 3501 480 3581 illis,
513 3502 586 3585 puta
615 3498 645 3561 in
674 3497 860 3562 oeouttiset
888 3498 926 3562 de
951 3499 1068 3584 quibus,
1099 3499 1228 3562 infamia
1287 3502 1288 3505 ’

224 3609 288 3652 non
321 3590 487 3674 precessit,
516 3609 576 3652 non
610 3597 730 3650 tenetur
758 3586 796 3651 ad
820 3587 1061 3654 testificandum.
1092 3588 1124 3652 Si
1156 3609 1225 3651 vero

230 3677 402 3764 requiratur
432 3681 499 3766 ejus
531 3675 740 3742 testimonium
774 3697 836 3742 non
868 3679 1015 3741 auctorite
1040 3675 1222 3763 superioris,

261 3927 295 3997 (tt
334 3927 388 3982 Per
401 3931 533 3994 manifesta
543 3925 573 3980 S.
590 3923 696 3980 Dootor
711 3896 849 3994 intelligit
862 3939 924 3995 qum
937 3923 1050 3994 probari
1063 3929 1183 3994 possunt
1197 3923 1225 3976 in

222 3997 332 4066 jndicio
345 4013 396 4067 per
409 3998 585 4054 sufficientes
600 4003 700 4058 textus,
717 4004 744 4051 et
759 3997 896 4052 dicuntur
919 3997 1032 4051 notoria
1046 3995 1127 4065 juris;
1153 3994 1227 4048 unde

224 4070 329 4124 dieitur
345 4073 455 4126 Deoret.
473 4085 559 4124 eausa
577 4067 601 4129 2,
625 4076 721 4136 quaest.
742 4071 765 4120 t:
786 4071 954 4134 arenosorum
980 4078 1022 4130 cst,
1048 4071 1115 4134 quod
1124 4069 1229 4135 probari
1284 4115 1286 4122 ,

219 4152 309 4208 potest.
