2938 4770
647 591 876 656 canonrctauru
994 561 1000 638 J
1170 568 1215 628 97

266 703 376 790 incipit
394 703 607 780 summarium,
626 707 714 791 eujus
728 705 893 792 objectum.
905 701 1034 787 tripplex
1049 712 1101 764 est:
1111 713 1112 718 ’
1122 691 1259 788 quaerere

268 793 414 856 delictum
442 792 480 856 de
515 814 577 878 qno
601 793 753 876 praecessit
786 793 909 878 publica
940 792 986 855 vel
1019 790 1105 876 quasi
1136 790 1259 876 publiea

268 883 386 960 notitia,
408 883 479 968 quia
500 882 634 946 Ecclesia
657 883 695 946 de
716 882 845 948 occultis
870 877 1086 966 non'judieat;
1101 892 1259 944 auctorem

268 971 386 1052 delicti;
407 983 436 1034 et
457 970 635 1056 complices,
657 974 681 1036 si
702 974 844 1039 existunt.
1017 982 1020 987 ’

312 1061 341 1124 Si
377 1082 438 1124 non
469 1065 615 1125 resultant
648 1061 901 1124 certo'delictum
923 1070 952 1122 et
976 1068 1095 1140 auctor,
1119 1077 1276 1141 aspersos

241 1175 245 1181 ·
269 1149 352 1212 ditur
373 1151 403 1212 in
423 1148 554 1236 judicio,
574 1150 610 1228 Si,
625 1172 695 1214 vero
713 1154 871 1232 resultant,
895 1146 1112 1229 summarium,
1133 1148 1261 1210 omnino
1286 1199 1288 1204 .

269 1249 432 1322 secretum,
460 1242 592 1303 elevatur
618 1238 655 1302 ad
688 1239 873 1324 plenarium,
904 1236 1061 1324 judiciale,
1096 1234 1208 1300 sociale
1233 1245 1262 1298 et

271 1327 440 1411 publicum.
471 1327 561 1404 Quod
587 1327 712 1414 quidem
737 1327 772 1392 fir
794 1349 848 1414 per
869 1327 1075 1390 traslationenr
1105 1322 1143 1388 ad
1172 1321 1261 1388 lisca-

273 1418 330 1480 lem
356 1427 385 1480 et
403 1415 609 1482 defensorem.
999 1413 1002 1422 “

314 1506 374 1582 Qui
404 1506 686 1572 excommunicatus
712 1519 769 1590 est,
799 1503 1081 1592 nequitdeponere
1116 1512 1149 1564 ut
1174 1501 1261 1565 'testis

271 1593 300 1656 in
327 1595 476 1679 plenario,
505 1596 644 1680 qrramris
671 1600 736 1683 ejus
762 1594 938 1671 declaratio,
964 1593 989 1657 si
1018 1593 1177 1656 necessitas
1206 1612 1261 1654 ur-

270 1694 328 1768 get,
350 1683 469 1746 admitti
490 1687 587 1768 possit
605 1685 636 1747 in
654 1687 835 1751 summario.
1187 1680 1189 1688 ’

315 1772 560 1836 «Attestiationes
590 1787 718 1860 receptae
744 1775 773 1839 in
807 1772 977 1837 summario
1003 1768 1097 1834 fidem
1125 1789 1186 1834 uon
1214 1767 1262 1831 la·

269 1861 355 1924 ciunt
377 1861 407 1924 in
434 1862 608 1946 plenario.»
630 1865 703 1950 Cap.
726 1867 769 1928 58
789 1863 827 1930 de
846 1860 961 1928 Testib.

739 2135 799 2218 ll.

314 2307 466 2371 Delictum
492 2316 548 2372 eat:
577 2307 700 2372 vio'atio
732 2303 850 2374 externa
882 2317 911 2374 et
934 2303 1071 2392 publica,
1099 2312 1151 2368 aut
1177 2302 1263 2390 qnasi

268 2397 404 2483 publica,
433 2397 506 2482 legis
529 2397 682 2482 inscripta
714 2397 745 2460 in
776 2397 882 2463 codice
914 2397 1061 2462 humano.

314 2487 440 2568 Delicta,
461 2485 563 2571 qrroad
587 2509 664 2570 rem,
688 2486 867 2552 dividuntur
884 2488 914 2550 in
934 2481 1119 2548 transeuntia
1140 2491 1169 2544 et
1192 2501 1263 2567 per-

270 2576 434 2642 manentia.
472 2578 554 2653 Haec,
593 2599 654 2641 non
687 2598 757 2641 vero
791 2577 856 2661 illu,
882 2574 1059 2660 relinquunt
1088 2570 1262 2656 vestigium,

269 2664 352 2750 quud
378 2665 409 2727 in
432 2665 601 2730 summario
631 2676 742 2731 attente
763 2662 1017 2752 Jrrdex'perseqni
1049 2659 1151 2725 debet.

312 2752 407 2819 tuder
434 2754 549 2816 crimen
576 2755 632 2836 rei,
655 2764 740 2841 aequa
768 2779 802 2819 ac
825 2754 1032 2819 innocentiam
1057 2747 1259 2834 investigabit;

270 2862 394 2928 seseque
409 2841 560 2905 abstinere
578 2843 667 2907 debet
686 2845 723 2909 ab
743 2842 1034 2930 interrogationibus
1050 2838 1178 2921 dolosis,
1195 2859 1265 2900 am-

269 2928 380 3016 biguis,
417 2931 560 3015 captiosis
600 2943 629 2995 et
660 2933 849 3020 suggestion,
893 2935 914 3004 d
944 2929 1019 2993 salsa
1056 2929 1264 3013 promissione

269 3018 474 3103 impunitatis,
504 3022 519 3083 al
546 3019 705 3086 blanditiis
732 3022 810 3085 sient
831 3026 848 3085 d
876 3019 977 3096 minis,
1005 3022 1021 3080 d
1049 3017 1148 3082 verbis
1172 3038 1263 3101 aspa·

269 3107 414 3184 rioribus,
449 3113 466 3172 ri
498 3109 636 3196 qualibet
665 3111 770 3176 dolosa
798 3122 827 3174 et
854 3109 958 3194 iniqua
985 3105 1185 3190 investigandi
1211 3128 1262 3168 ra-

217 3253 219 3256 .
269 3197 363 3263 tione:
405 3219 543 3280 examen,
583 3200 672 3264 malis
708 3199 828 3265 artibus
867 3197 1053 3272 institutum,
1094 3195 1262 3260 suonitio

249 3287 396 3350 *corruit
708 3296 711 3301 ’
816 3329 819 3342 ,

263 3455 269 3462 ι
311 3375 489 3440 Tribunalia
518 3377 718 3443 ecclesiastica
735 3391 779 3443 -et
806 3376 906 3442 civilia
933 3375 964 3437 in
986 3395 1128 3461 processo
1155 3377 1265 3441 crimi-

270 3463 344 3528 nali:
381 3468 458 3529 cellos
480 3466 647 3532 tribunales
666 3469 865 3532 eclesiasticos
883 3463 1002 3551 pueden
1021 3473 1191 3548 atemperur
1213 3489 1264 3531 sus

260 3554 564 3637 ⁴procedimientosd
595 3557 624 3621 lo
655 3555 840 3621 establecido
869 3555 977 3639 pocla
1013 3554 1152 3638 potestad
1171 3567 1262 3620 tem·

268 3643 369 3727 poral,
401 3644 534 3730 siempre
556 3666 615 3731 que
642 3669 673 3710 se
697 3658 773 3710 trate
799 3646 837 3709 de
864 3643 1041 3713 citaciones
1074 3643 1219 3710 terminos
1244 3671 1262 3734 y

191 3785 194 3788 .
225 3749 228 3757 ²
269 3728 457 3815 diligencius,
480 3755 582 3797 acerra
606 3735 644 3799 de
669 3733 830 3799 lascnales
860 3731 936 3797 neda
959 3736 993 3794 'se
1023 3730 1102 3794 halle
1134 3736 1264 3800 estable-

97 3857 170 3886 ψ
200 3857 203 3862 -
259 3819 338 3882 cirta
358 3823 456 3904 pocla
481 3823 525 3908 lay
552 3824 710 3908 candnica,
729 3847 746 3910 y
762 3824 895 3907 siemnre
914 3843 985 3906 que,
1004 3842 1060 3906 por
1077 3833 1143 3886 otra
1165 3838 1260 3908 parte,

218 3921 219 3924 ’
257 3903 294 3972 'la
315 3908 451 3978 clasede
471 3911 569 3996 juicio
594 3917 742 3976 canonico
771 3935 831 3999 que
855 3933 885 3974 se
910 3911 970 3995 siga
1004 3914 1132 3993 parntita
1162 3916 1260 4001 adnn-

148 4013 192 4040 r
255 3993 313 4074 'tur
346 4019 379 4060 su
409 3999 649 4084 procedimientu
679 4003 705 4064 al
737 4003 864 4065 secular.
892 3997 1054 4082 Tambidn
1081 4003 1196 4073 ltabrdn
1225 4009 1263 4072 do

1046 4083 1050 4092 ι

268 4087 504 4154 ucomodursed
531 4089 592 4180 e'sle
611 4112 647 4153 en
672 4092 810 4180 aqnel'os
834 4111 919 4154 casos
944 4109 1064 4174 enque
1092 4113 1122 4155 se
1154 4095 1263 4178 obscr-

735 4201 739 4208 .
977 4185 980 4188 .
1053 4179 1089 4241 ¹3
1112 4179 1115 4184 a
