2898 4776
640 559 864 622 canonicarum

650 965 770 1032 Num.
806 967 845 1030 7.
875 970 879 984 ‘

531 1163 581 1214 DE
609 1163 704 1216 FORO
726 1164 967 1218 COMPETENTI.

299 1315 346 1380 De
371 1311 428 1376 hac
454 1333 486 1375 re
509 1310 639 1374 mirilico
666 1311 805 1398 loquitur
833 1317 948 1375 Auctor
970 1311 1025 1376 lib.
1052 1314 1100 1386 5.,
1130 1309 1177 1374 tit.
1207 1313 1240 1372 l.
1309 1360 1312 1364 .

257 1423 380 1488 paragr.
403 1405 447 1465 20
473 1399 511 1464 ad
536 1403 594 1486 26,
623 1399 671 1463 tit.
705 1404 754 1481 d„
786 1401 836 1466 tit.
865 1405 935 1477 tt„
969 1421 1091 1487 paragr.
1130 1403 1178 1480 5.,
1212 1407 1243 1462 et

255 1491 311 1558 lib.
340 1494 373 1555 lt.
400 1490 450 1559 tit.
477 1493 511 1559 2.

300 1583 485 1666 Competeas
519 1578 624 1642 forum
650 1601 684 1642 ex
714 1599 891 1663 consequae
919 1579 1028 1666 agitur,
1055 1600 1088 1640 ex
1112 1593 1244 1662 persona

256 1690 323 1754 qnae
359 1669 389 1731 in
421 1669 472 1754 jus
506 1678 644 1750 vocatur,
680 1677 709 1730 et
739 1689 772 1731 en
803 1666 908 1752 judice
949 1667 1130 1730 sententiam
1175 1664 1242 1728 dic·

255 1769 336 1821 tante
371 1757 579 1820 constituitur.
623 1755 743 1819 Jndicis
781 1777 854 1820 vero
891 1757 1094 1842 competentia
1131 1755 1177 1818 vel
1210 1763 1245 1816 ex

255 1845 415 1910 domicilio
447 1856 499 1908 cut
525 1845 610 1932 quasi
636 1845 811 1927 domicilio,
839 1845 884 1910 vel
905 1868 938 1908 ex
961 1847 1028 1933 loco
1054 1851 1241 1919 contractus,

256 1937 303 1998 vel
347 1934 464 1998 ratione
501 1933 563 1999 loci
595 1933 650 1998 ubi
690 1935 844 1999 invenitur
872 1956 920 1997 res
949 1935 979 1998 in
1009 1932 1247 1998 controversiam

255 2023 399 2098 adducta,
422 2023 469 2087 vel
496 2024 613 2088 ratione
634 2021 738 2088 delicti
759 2023 790 2086 in
812 2023 1027 2088 criminalibus
1049 2021 1244 2086 efformatum

299 2119 395 2178 Actor
423 2112 527 2177 forum
558 2113 601 2177 rei
629 2113 714 2199 sequi
739 2111 840 2178 debet.
872 2112 958 2176 Unde
985 2112 1089 2176 elerici
1117 2131 1244 2196 genera·
1328 2191 1330 2196 Ι
1446 2155 1447 2178 1

255 2203 324 2266 liter
351 2202 518 2288 loquendo,
548 2202 639 2266 etiam
671 2222 733 2266 nun
758 2202 849 2286 petita
883 2202 921 2265 ab
955 2201 1119 2276 Ordinatio
1145 2199 1244 2262 licen·

256 2291 311 2365 tia,
337 2291 481 2378 adversus
514 2290 628 2356 laicum
661 2289 856 2353 introducere
882 2301 1010 2376 possunt
1038 2288 1177 2352 libellum
1213 2285 1247 2350 in

257 2380 340 2444 laico.
364 2379 536 2448 Tribunali.
570 2383 639 2445 Non
668 2389 769 2443 tamen
802 2379 844 2442 eis
877 2379 947 2442 licet
973 2377 1168 2464 adjudicent
1190 2375 1248 2437 lai·

258 2491 329 2532 cum
364 2468 520 2550 accedere,
549 2479 583 2532 ut
614 2468 656 2531 rei
683 2470 730 2534 vel
761 2471 923 2543 ut'testes,
955 2467 1069 2554 absque
1090 2462 1249 2530 Ordinarii

261 2558 397 2642 licentia.
431 2558 541 2622 Clerici
568 2557 806 2624 declarationem
830 2559 861 2622 in
887 2557 1006 2644 jndicio
1027 2555 1125 2622 laicali
1152 2575 1248 2639 praes·

262 2658 328 2710 tant
356 2647 388 2710 in
417 2647 511 2711 uerbo
542 2647 714 2712 Sacerdotis
742 2669 868 2712 manum
898 2669 989 2734 super
1016 2657 1122 2731 pectus
1147 2664 1245 2728 appo·

259 2734 377 2812 nend03
413 2747 441 2798 et
467 2736 499 2800 in
531 2737 631 2801 causis
664 2735 879 2805 criminalibus
904 2737 1014 2800 elicere
1038 2734 1151 2798 debent
1170 2753 1244 2817 pro·

250 2823 461 2910 testationem,
491 2847 550 2911 qua
575 2850 610 2891 ea
635 2824 841 2889 declaratione
873 2847 933 2888 non
960 2824 1085 2888 resultet
1102 2844 1153 2885 reo
1172 2843 1244 2884 san-

255 2913 358 3000 guinis
390 2912 504 2976 effusio
536 2925 588 2977 aut
619 2913 752 2978 membri
787 2914 955 2993 mutilatio,
991 2911 1073 2999 quud
1116 2908 1244 2996 quidem

255 3003 402 3090 competit
445 3002 590 3066 omnibus
629 3003 660 3066 in
706 3003 800 3068 sacris
838 3002 999 3066 ordinatis.
1040 3004 1079 3064 R.
1123 3003 1157 3066 C.
1197 2999 1241 3062 2AE

256 3095 330 3159 Jun.
368 3094 469 3158 troc.

140 3203 143 3210 ⁴
299 3185 415 3246 Praeter
445 3203 534 3246 casus
572 3181 604 3245 in
645 3180 770 3268 quibua,
817 3181 882 3267 lege
915 3180 1062 3246 canonica
1094 3179 1239 3259 dictante,

257 3269 435 3354 deperditur
456 3271 517 3334 fori
543 3270 749 3356 privilegium,
784 3269 868 3334 hicce
896 3269 1102 3354 temporibus,
1123 3265 1244 3348 attentis

256 3359 407 3423 societatis
434 3360 532 3424 civilis
559 3359 797 3440 circunstantiis,
836 3359 867 3423 in
902 3359 1076 3445 periculum
1117 3355 1244 3419 vertitur

256 3449 350 3512 hocce
386 3447 490 3512 forum
523 3445 598 3512 dum
634 3445 870 3512 committuntur
902 3447 1012 3512 delicta
1041 3463 1177 3529 expressa
1207 3443 1247 3506 ab

256 3547 315 3604 art.
347 3540 412 3601 2249
438 3536 475 3601 ad
501 3537 682 3606 accicod.
714 3536 824 3604 Penal.
853 3536 930 3602 Vide
963 3535 1051 3600 etiam
1078 3537 1117 3602 R.
1141 3536 1176 3598 C.
1205 3534 1246 3595 Π

257 3625 369 3690 Octob.
394 3627 491 3701 tacu,
516 3636 546 3689 et
571 3629 640 3713 ejus
666 3626 904 3712 applicationem
921 3625 1091 3690 Provinciis
1108 3624 1240 3688 Ultram.

256 3717 300 3779 28
320 3717 399 3802 Aug.
422 3717 522 3784 t857.
542 3714 593 3802 (S.
617 3715 734 3792 Pedro,
755 3725 830 3787 tom.
846 3715 1014 3802 6.⁰,pctg.³
1028 3712 1098 3781 286
1106 3735 1134 3798 y
1143 3710 1244 3796 596.)
