2938 4770
267 505 314 566 78
597 503 850 566 rnsrrrurronunr
904 507 911 522 ⁸

226 639 293 723 eius
319 635 510 720 presentiam
538 647 742 722 presumatur
771 636 851 699 fucta
881 643 953 700 cum
979 633 1081 720 aliqua
1108 630 1228 698 delibe-

224 724 356 800 ratione3
391 724 416 785 si
447 737 552 788 autem
584 725 757 813 adversario
787 724 912 789 absente
942 721 1226 807 emittatur,'nihil

225 814 336 900 probat
355 814 495 892 omnino,
525 836 585 879 nan
608 825 754 884 censetur
771 835 806 879 cx
826 813 1049 900 precipitantiu
1068 823 1101 876 et
1116 812 1227 876 animo

228 923 290 968 non
322 901 490 968 deiiberato
517 904 736 989 processisse.»

277 991 454 1058 nConfessio
472 992 599 1078 sim-pier
628 1003 671 1057 est
690 993 780 1078 plena
802 991 963 1076 probatio,
975 989 1029 1054 sed
1050 988 1225 1077 qualificata

227 1080 396 1166 aliquando
427 1080 537 1160 dividi,
568 1103 619 1146 seu
651 1083 681 1145 io
713 1093 830 1166 partem
861 1081 959 1167 rejici,
994 1090 1023 1142 et
1052 1080 1082 1143 in
1111 1087 1233 1164 partem

225 1170 456 1256 recipipotest,
479 1169 650 1256 aliquando·
664 1171 714 1235 rei
735 1180 796 1234 tota
819 1168 995 1256 recipienda
1018 1180 1074 1254 est,
1096 1165 1141 1232 ve'i
1164 1177 1226 1232 tota

226 1257 426 1344 repudienda.
462 1259 559 1342 Igitur
588 1259 784 1324 distinctione
811 1280 890 1346 opus
921 1269 978 1324 est.
1013 1258 1044 1322 Si
1086 1256 1225 1321 conditio
1307 1255 1310 1258 ”

225 1347 412 1412 confessioni
439 1347 540 1411 eddita
570 1349 846 1434 praesumptionem
872 1350 952 1434 juris
975 1357 1080 1411 contre
1113 1367 1143 1410 sc
1171 1346 1240 1410 hu,

218 1437 309 1513 beet,
331 1447 404 1499 tunc
421 1437 584 1522 ¹confessio
609 1437 734 1524 quidem
765 1439 925 1522 recipitur,
951 1458 1011 1500 non
1033 1447 1134 1500 uatem
1155 1455 1234 1498 con·-

196 1519 199 1528 ’
227 1525 319 1606 ditio,
349 1525 409 1588 nisi
436 1527 596 1611 probetur,
625 1528 721 1590 reiut-i·
745 1527 769 1590 si
799 1528 869 1614 quis
896 1524 1102 1592 homicidium
1131 1522 1235 1588 fassus

207 1615 279 1700 (sit,
309 1613 361 1677 sed
392 1617 566 1680 necessarie
591 1615 779 1680 defensionis
810 1638 911 1692 causa,
939 1614 1098 1680 confessio
1124 1612 1231 1676 homi·

227 1703 301 1770 cidii
330 1689 677 1791 admittitur‚'quaiitas
705 1717 808 1770 autem
840 1706 1015 1770 necessarie
1036 1701 1226 1767 defensionis

148 1805 150 1812 ’
178 1869 180 1878 s
228 1791 389 1879 probanda
415 1794 483 1874 crit,
511 1796 582 1880 quia
605 1797 684 1880 ,iuris
711 1795 912 1880 presumptio
933 1805 990 1876 est,
1012 1814 1083 1856 eum
1104 1792 1233 1877 quioc-

230 1881 306 1946 cidit
338 1881 478 1946 animam
503 1884 644 1948 ‘nocendi
673 1883 828 1952 habuisset
860 1884 944 1948 atsi
971 1881 1144 1946 conditioni
1177 1900 1239 1943 sen

232 1970 372 2056 qualitati
397 1971 548 2060 adjp‘oetae
575 1975 781 2058 presumptio-
795 1973 875 2060 juris
897 1995 959 2036 non
982 1977 1144 2056 repugnet,
1174 1967 1238 2031 adm

232 2059 293 2124 huc
324 2069 424 2125 tamen
451 2061 621 2126 ridendum
652 2062 720 2143 crit,
754 2085 792 2125 an
816 2062 962 2127 conditio
982 2061 1048 2146 ipsa
1076 2069 1107 2122 et
1128 2057 1230 2126 ,subse

230 2149 323 2212 tantia
349 2149 550 2233 consessio-nis
575 2151 613 2215 ad
644 2173 740 2216 unum
765 2151 970 2237 eumdemque
999 2159 1100 2212 actum
1129 2147 1229 2232 perti-

231 2248 333 2314 neant,
362 2239 404 2302 uti
431 2239 456 2302 si
483 2239 610 2325 dixeris,
638 2251 671 2304 te
695 2242 849 2325 sponsalia
880 2240 1073 2325 promississe
1104 2235 1160 2300 tac
1183 2247 1253 2298 ta··

233 2350 304 2392 men
325 2327 562 2412 conditionc,si
586 2340 726 2415 parentes:
747 2331 970 2412 consenserint3
997 2340 1026 2391 te
1050 2324 1233 2406 vendidisse,
1294 2355 1300 2360 ⁷

232 2417 284 2481 sed
312 2428 403 2502 pacto
427 2419 501 2504 tegis
516 2419 747 2486 commissoriae.
777 2421 884 2506 Itaque
911 2420 942 2482 in
964 2418 1010 2481 his
1031 2415 1167 2496 ensibus,
1188 2414 1233 2476 si-

233 2517 286 2571 cut
311 2506 478 2570 substantia
508 2507 721 2588 confessionis,
753 2521 782 2573 et
802 2507 940 2572 conditio
964 2505 1109 2570 eumdem
1136 2502 1231 2578 veluti

183 2605 185 2608 ’
233 2608 336 2658 actum
363 2597 565 2682 constituunt,
595 2598 638 2662 sio
658 2599 708 2664 rei·
722 2609 783 2665 tota
800 2597 954 2662 confessio
973 2594 1082 2680 recipi,
1106 2595 1151 2658 vel
1173 2603 1234 2656 tota

237 2683 340 2769 respui
363 2683 466 2766 debet,
488 2686 546 2749 nisi
565 2687 657 2750 altera
673 2709 745 2774 pars
765 2696 817 2750 aut
833 2686 1042 2750 conditio-uem
1064 2682 1236 2766 impletam,

233 2785 287 2838 aut
316 2772 540 2858 Obligationem
559 2776 655 2850 fuisse
679 2771 795 2862 pitram
812 2797 874 2840 non
887 2810 888 2814 ,
900 2773 1171 2839 demonstraverit..
1196 2774 1237 2834 nt

135 2945 138 2948 Ι
234 2883 305 2928 nero
337 2863 362 2926 si
387 2863 554 2928 substantia
577 2865 794 2946 confessionis,
821 2876 850 2930 et
873 2864 1014 2930 conditio
1037 2859 1076 2926 ad
1097 2859 1235 2926 diversos

235 2961 321 3028 actus
350 2962 379 3016 et
403 2953 494 3038 piene
517 2953 678 3019 distinctos
695 2955 880 3038 referantur,
903 2953 947 3017 uti
978 2953 1006 3016 si
1024 2973 1097 3015 reus
1112 2949 1242 3022 fateatur

234 3051 393 3126 mutuum,
429 3042 481 3105 sed
508 3042 642 3108 affirmet
671 3057 816 3108 mutuum
837 3042 1019 3125 reddidisse,
1050 3051 1118 3104 tum
1149 3049 1234 3103 actor

235 3141 336 3216 potest
363 3130 592 3198 confessionem
615 3133 657 3198 de
676 3144 804 3219 eccepto
822 3144 930 3197 mutuo
952 3129 1127 3216 admittere,
1158 3129 1235 3192 alte·
1339 3131 1344 3140 ’

236 3241 304 3283 ram
326 3243 397 3284 vero
417 3229 538 3304 partem
554 3222 761 3288 confessionis
780 3221 818 3288 de
832 3231 941 3286 mutuo
958 3219 1079 3284 reddito
1104 3237 1238 3282 nonre-

237 3309 352 3393 cipcre,
380 3309 477 3374 donec
503 3332 571 3375 reus
598 3311 656 3376 hoc
677 3323 792 3381 novum
814 3322 844 3376 ct
860 3310 1015 3398 posterius
1036 3309 1153 3372 factum
1178 3323 1237 3372 so·

240 3398 369 3462 lationis
397 3419 457 3462 non
486 3400 771 3486 comprobaverit.»

286 3487 446 3573 «Denique
472 3489 624 3554 confessio
647 3488 805 3576 judicialis
830 3489 893 3556 rim
913 3487 1099 3576 plenissimae
1124 3484 1235 3573 probae

237 3576 331 3640 tionis
355 3576 457 3662 hebet,
481 3588 510 3642 et
529 3579 619 3642 litem
640 3579 770 3644 omnino
793 3578 929 3664 dirimet3
956 3577 1132 3641 confessum
1151 3574 1237 3638 enim

233 3685 292 3750 pra
307 3666 446 3751 judicato
461 3688 537 3742 esse,
557 3688 649 3753 seque
669 3688 724 3732 sua
744 3669 892 3736 sententia
912 3664 1145 3754 quodammodo
1162 3684 1234 3727 eon·

194 3764 195 3770 ’
235 3752 382 3822 demnare
405 3756 527 3838 Paulus,
541 3755 675 3820 affirnrat
694 3760 728 3826 L.
753 3763 785 3835 t,
809 3756 842 3822 ff.
860 3757 897 3822 de
915 3756 1048 3822 confess.
1072 3752 1235 3819 Confessio

234 3856 337 3914 autern
358 3857 427 3912 tum
453 3845 543 3928 plene
568 3846 690 3930 probat,
716 3847 740 3911 si
763 3846 816 3910 fiet
842 3843 1076 3931 coramjudice
1102 3863 1235 3926 compe-

233 3949 327 4019 tente,
353 3959 386 4002 er
409 3943 490 3998 certa
514 3933 638 4002 scientia
660 3945 692 4002 ¹et
713 3935 865 4012 iibcrtate,
895 3945 925 3999 et
947 3937 985 3998 ab
1010 3955 1047 3999 eo
1069 3932 1122 4018 qui
1149 3941 1237 3995 aetate
1268 3943 1269 3951 ’

236 4029 335 4114 major
363 4025 421 4091 sit»
428 4068 783 4096 .......
808 4020 997 4091 «Confessio
1012 4033 1120 4089 eutem.
1142 4029 1235 4086 eutra-
