2938 4770
609 603 855 648 insulturlorturt

608 797 747 874 mm.
787 809 853 874 18.

304 996 549 1064 Junausurmu
575 995 1151 1049 surenarommu.-runoarrou·ss

364 1067 863 1156 csuourcAE.-runearrouns
898 1103 1095 1156 vuccanus
1172 1076 1175 1087 '

247 1301 250 1310 .
275 1249 406 1330 Quando
436 1250 467 1313 in
497 1249 627 1333 periodo
656 1250 832 1336 probatoria
861 1273 922 1315 non
943 1251 1033 1316 detur
1053 1251 1217 1330 confessio,

232 1363 288 1406 nee
307 1338 475 1426 positiones
494 1338 597 1402 lenrnt
615 1339 651 1403 ad
667 1341 903 1422 confessionem,
921 1362 975 1404 nec
997 1339 1098 1405 locum
1115 1339 1223 1404 habuit

230 1430 363 1494 ocularis
385 1428 544 1514 inspectio,
576 1434 602 1491 si
625 1451 680 1494 nee
706 1441 806 1514 testes,
839 1451 894 1494 nee
923 1429 1135 1505 instrumenta,
1167 1451 1225 1494 nec

228 1518 428 1604 presumptio
458 1517 580 1602 plenam
605 1519 819 1603 probationem
840 1517 1028 1604 producunt,
1060 1519 1156 1582 utitur
1174 1521 1226 1606 ju·

191 1685 197 1692 .
230 1617 380 1690 ramento,
418 1628 470 1690 per
497 1606 581 1692 quod
600 1619 652 1670 aot
675 1631 744 1670 reus
762 1630 793 1670 se
810 1608 900 1694 plane
926 1617 1047 1694 purget,
1069 1619 1122 1672 aut
1141 1619 1226 1672 actor

230 1696 449 1784 probationum
477 1696 613 1780 inopium
648 1696 783 1783 supplet.

154 1851 157 1859 Α
272 1787 339 1849 Hoc
370 1787 580 1872 juramentum
613 1788 630 1848 d
662 1788 731 1870 jure
767 1807 895 1850 romono
929 1785 1127 1870 desumptum
1164 1795 1220 1851 est.

228 1876 351 1940 Etenim
384 1877 413 1936 in
439 1876 473 1939 t.
503 1877 536 1938 5.
564 1873 635 1937 cod.
655 1875 692 1938 de
713 1874 791 1942 Reb.
814 1874 921 1938 eredit.
948 1874 1071 1939 dicitur:
1098 1875 1225 1959 ulnopia

227 1963 447 2048 probationum
476 1983 529 2048 per
553 1962 692 2048 judicem
716 1962 919 2051 jurejurando
940 1985 986 2027 res
1009 1963 1106 2026 decidi
1128 1984 1223 2049 opor·

227 2063 303 2116 tet»
327 2055 364 2117 Et
384 2052 558 2114 nominatur
581 2053 820 2135 suppletorium,
842 2053 913 2138 quia
932 2052 1153 2138 probationum
1171 2052 1224 2116 de·

227 2140 394 2206 ficientium
414 2141 549 2225 supplet,
572 2153 601 2204 et
622 2142 683 2204 litis
701 2142 916 2226 decissorium,
940 2142 1013 2227 quia
1031 2163 1086 2227 per
1107 2141 1165 2205 hoe
1188 2141 1225 2204 lis

226 2229 346 2296 sinitur.
380 2229 439 2294 Sed
468 2229 602 2295 dictante
628 2231 794 2296 Benedicta
825 2234 895 2294 Xlll
933 2252 993 2294 non
1026 2230 1156 2314 exigitur
1191 2229 1222 2292 in

227 2319 357 2405 juidieio
388 2320 554 2398 criminali,
588 2342 686 2406 neque
714 2321 745 2384 in
776 2319 857 2384 civili
888 2319 1014 2405 majoris
1053 2318 1220 2387 momenti.

226 2412 265 2472 Et
291 2409 349 2482 lroe
376 2408 409 2472 lit
439 2408 477 2472 ad
506 2408 679 2472 evitandum
702 2408 884 2494 perjurium.
908 2409 1040 2474 Maxime
1062 2429 1125 2493 prae
1147 2430 1227 2472 ocu-

227 2499 268 2562 lis
292 2497 436 2561 habendo
466 2497 547 2582 quod
569 2496 626 2560 lroe
652 2499 843 2582 probationis
872 2520 969 2586 genus
989 2519 1052 2562 non
1071 2497 1146 2561 lacit
1168 2495 1226 2560 nisi

226 2585 442 2671 probationem
471 2587 685 2670 semiplenam.

273 2679 323 2740 De
350 2674 407 2737 hac
439 2696 469 2738 re
502 2676 653 2760 praetiose,
683 2687 716 2738 nt
746 2676 836 2758 solet,
872 2675 1010 2762 loquitur
1039 2674 1225 2742 Vecchiotti.

228 2763 327 2826 lnstit.
358 2766 488 2840 Conon„
517 2768 551 2847 2,
577 2765 630 2828 lib.
659 2769 702 2847 le,
731 2787 800 2850 vesp.
825 2769 873 2846 5.,
902 2787 1024 2851 paragr.
1050 2767 1104 2830 l2:
1135 2763 1243 2836 «Alia

226 2851 351 2938 quando
382 2852 472 2915 etiam
496 2853 713 2940 jusjurandum
739 2855 917 2940 hujusmodi
947 2854 985 2917 eb
1019 2853 1086 2938 ipso
1118 2851 1224 2938 judice

225 2941 362 3006 elterutri
397 2941 474 3025 parti
508 2942 546 3006 ad
575 2943 788 3029 probationem
819 2943 1034 3028 complendam
1068 2941 1220 3022 defertur,

227 3043 257 3094 et
286 3042 359 3094 tuuc
388 3031 606 3118 jusjurandum
651 3034 853 3100 necessarium
890 3031 1073 3117 appelletur,
1110 3031 1148 3094 ita
1189 3040 1223 3092 ut

225 3118 371 3207 judiciale
396 3131 425 3182 et
449 3117 655 3186 ¹necessarium
681 3145 778 3185 uuum
807 3122 950 3207 idemque
981 3119 1147 3206 juramenti
1169 3141 1222 3204 ge·

215 3230 286 3272 ‘nus
320 3209 369 3272 sit.
405 3211 576 3294 Utrumque
610 3221 735 3276 tooatrrr
771 3222 837 3274 tum
872 3210 1110 3295 suppletorium,
1148 3208 1220 3294 quia

225 3297 380 3362 deiectum
407 3298 627 3381 probationum
657 3301 790 3385 supplet,
821 3313 886 3362 tum
911 3299 1000 3362 etiam
1036 3297 1097 3360 litis
1121 3296 1221 3361 decis·

226 3385 355 3465 serium,
388 3387 458 3471 quia
493 3387 528 3450 tis
562 3409 617 3473 pro
644 3392 766 3476 jurante
798 3387 955 3454 delinitur.
988 3391 1086 3450 Porro
1120 3396 1221 3450 autem

224 3474 444 3562 jusjurandum
476 3475 597 3541 deferre
629 3500 690 3542 non
718 3479 787 3562 plus
818 3478 900 3560 licet,
935 3499 1026 3562 quam
1060 3474 1222 3539 necessitas

226 3565 292 3648 ipsu
309 3575 417 3650 cogat,
442 3563 579 3652 adeoque
603 3568 663 3630 sire
687 3567 725 3630 ab
752 3568 847 3630 altero
873 3567 1020 3652 litigante,
1043 3564 1105 3628 sive
1127 3568 1143 3627 d
1167 3565 1220 3648 ju·

224 3652 293 3718 dice
322 3655 389 3738 ipso
418 3664 529 3720 temere
561 3655 697 3720 delatum
725 3655 829 3739 fuerit,
859 3655 991 3719 recusari
1022 3664 1133 3739 potest.
1157 3653 1220 3716 lta·

223 3763 285 3828 que
309 3753 406 3821 actor,
436 3743 488 3807 ubi
521 3751 609 3830 plene
640 3745 824 3831 probaverit,
852 3747 921 3832 jure
947 3744 1118 3829 meritoque
1147 3742 1218 3827 jus·

222 3830 548 3919 jurandumrespuit,
585 3836 717 3921 itemque
752 3857 835 3918 reus,
873 3836 898 3898 si
935 3833 1012 3896 nilril
1042 3831 1142 3894 adhuc
1177 3829 1217 3894 ab

224 3931 327 3984 actore
349 3921 513 4006 probatum
539 3924 585 3988 sit:
613 3947 683 3988 nam
713 3946 747 3987 er
765 3944 832 4006 cap.
860 3921 902 3986 fin
931 3923 968 3987 de
991 3922 1139 4010 jamjam,
1165 3939 1218 3981 ac·

222 4019 289 4074 tore
323 4030 384 4074 non
420 4012 577 4097 probante,
617 4036 685 4077 reus
717 4010 919 4076 absolvendus
952 4029 1010 4092 est,
1050 4009 1104 4074 etsi
1139 4006 1219 4072 nilril

223 4097 409 4186 prostiterit,
436 4101 573 4189 udeoque
599 4124 654 4168 nee
678 4100 838 4188 juraverit.
864 4103 1058 4190 Quapropter
1087 4099 1114 4164 ei
1146 4107 1217 4160 tan·
1311 4159 1314 4166 ,
