<?xml version="1.0" encoding="UTF-8"?>
<!DOCTYPE html PUBLIC "-//W3C//DTD XHTML 1.0 Transitional//EN"
    "http://www.w3.org/TR/xhtml1/DTD/xhtml1-transitional.dtd">
<html xmlns="http://www.w3.org/1999/xhtml" xml:lang="en" lang="en">
 <head>
  <title>
</title>
<meta http-equiv="Content-Type" content="text/html;charset=utf-8" />
  <meta name='ocr-system' content='tesseract 3.04.00' />
  <meta name='ocr-capabilities' content='ocr_page ocr_carea ocr_par ocr_line ocrx_word'/>
</head>
<body>
  <div class='ocr_page' id='page_1' title='image "./institutioncano00gomegoog_0014.png"; bbox 0 0 2898 4776; ppageno 0'>
   <div class='ocr_carea' id='block_1_1' title="bbox 611 621 835 671">
    <p class='ocr_par' dir='ltr' id='par_1_1' title="bbox 611 621 835 671">
     <span class='ocr_line' id='line_1_1' title="bbox 611 621 835 671; baseline -0.004 0"><span class='ocrx_word' id='word_1_1' title='bbox 611 621 835 671; x_wconf 68' lang='lat' dir='ltr'>CANONICARUM</span> 
     </span>
    </p>
   </div>
   <div class='ocr_carea' id='block_1_2' title="bbox 653 919 849 998">
    <p class='ocr_par' dir='ltr' id='par_1_2' title="bbox 653 919 849 998">
     <span class='ocr_line' id='line_1_2' title="bbox 653 919 849 998; baseline -0.005 -3"><span class='ocrx_word' id='word_1_2' title='bbox 653 919 786 998; x_wconf 73' lang='lat' dir='ltr'><strong>Num.</strong></span> <span class='ocrx_word' id='word_1_3' title='bbox 809 929 849 996; x_wconf 58' lang='lat'><strong>3¹.</strong></span> 
     </span>
    </p>
   </div>
   <div class='ocr_carea' id='block_1_3' title="bbox 430 1126 1075 1195">
    <p class='ocr_par' dir='ltr' id='par_1_3' title="bbox 430 1126 1075 1195">
     <span class='ocr_line' id='line_1_3' title="bbox 430 1126 1075 1195; baseline -0.003 -15"><span class='ocrx_word' id='word_1_4' title='bbox 430 1126 661 1180; x_wconf 84' lang='lat' dir='ltr'>CLERICORUM</span> <span class='ocrx_word' id='word_1_5' title='bbox 679 1127 769 1195; x_wconf 84' lang='lat' dir='ltr'><strong>JURA</strong></span> <span class='ocrx_word' id='word_1_6' title='bbox 791 1127 838 1178; x_wconf 87' lang='lat' dir='ltr'><strong>ET</strong></span> <span class='ocrx_word' id='word_1_7' title='bbox 860 1127 1075 1180; x_wconf 84' lang='lat' dir='ltr'><strong>PRIVILEGIA.</strong></span> 
     </span>
    </p>
   </div>
   <div class='ocr_carea' id='block_1_4' title="bbox 181 1274 1251 3321">
    <p class='ocr_par' dir='ltr' id='par_1_4' title="bbox 299 1274 1027 1362">
     <span class='ocr_line' id='line_1_4' title="bbox 299 1274 1027 1362; baseline 0.001 -24"><span class='ocrx_word' id='word_1_8' title='bbox 299 1276 370 1340; x_wconf 85' lang='lat' dir='ltr'><strong>Haec</strong></span> <span class='ocrx_word' id='word_1_9' title='bbox 393 1287 464 1340; x_wconf 89' lang='lat' dir='ltr'><strong>suut</strong></span> <span class='ocrx_word' id='word_1_10' title='bbox 490 1277 558 1362; x_wconf 88' lang='lat' dir='ltr'><strong>jura</strong></span> <span class='ocrx_word' id='word_1_11' title='bbox 592 1285 622 1338; x_wconf 87' lang='lat' dir='ltr'><strong>st</strong></span> <span class='ocrx_word' id='word_1_12' title='bbox 647 1274 803 1360; x_wconf 77' lang='lat' dir='ltr'><strong>privilegia</strong></span> <span class='ocrx_word' id='word_1_13' title='bbox 830 1274 1027 1339; x_wconf 77' lang='lat' dir='ltr'><strong>clericorum·</strong></span> 
     </span>
    </p>

    <p class='ocr_par' dir='ltr' id='par_1_5' title="bbox 254 1363 1250 1540">
     <span class='ocr_line' id='line_1_5' title="bbox 301 1363 1250 1466; baseline 0.006 -42"><span class='ocrx_word' id='word_1_14' title='bbox 301 1370 333 1430; x_wconf 88' lang='lat' dir='ltr'><strong>t.</strong></span> <span class='ocrx_word' id='word_1_15' title='bbox 381 1365 577 1429; x_wconf 88' lang='lat' dir='ltr'><strong>Constituunt</strong></span> <span class='ocrx_word' id='word_1_16' title='bbox 601 1363 804 1466; x_wconf 78' lang='lat' dir='ltr'><strong>hierarchiam</strong></span> <span class='ocrx_word' id='word_1_17' title='bbox 830 1365 1075 1444; x_wconf 82' lang='lat' dir='ltr'><strong>ecclesiasticam,</strong></span> <span class='ocrx_word' id='word_1_18' title='bbox 1096 1383 1164 1451; x_wconf 81' lang='lat' dir='ltr'><strong>quaa</strong></span> <span class='ocrx_word' id='word_1_19' title='bbox 1181 1367 1250 1452; x_wconf 87' lang='lat' dir='ltr'><strong>jure</strong></span> 
     </span>
     <span class='ocr_line' id='line_1_6' title="bbox 254 1451 1204 1540; baseline 0.003 -24"><span class='ocrx_word' id='word_1_20' title='bbox 254 1451 361 1517; x_wconf 88' lang='lat' dir='ltr'><strong>divino</strong></span> <span class='ocrx_word' id='word_1_21' title='bbox 386 1465 557 1518; x_wconf 79' lang='lat' dir='ltr'><strong>constater</strong></span> <span class='ocrx_word' id='word_1_22' title='bbox 579 1453 743 1540; x_wconf 87' lang='lat' dir='ltr'><strong>episcopis</strong></span> <span class='ocrx_word' id='word_1_23' title='bbox 771 1452 962 1540; x_wconf 70' lang='lat' dir='ltr'><strong>presbyteris</strong></span> <span class='ocrx_word' id='word_1_24' title='bbox 989 1467 1019 1518; x_wconf 90' lang='lat' dir='ltr'><strong>et</strong></span> <span class='ocrx_word' id='word_1_25' title='bbox 1047 1452 1204 1520; x_wconf 76' lang='lat' dir='ltr'><strong>ministris.</strong></span> 
     </span>
    </p>

    <p class='ocr_par' dir='ltr' id='par_1_6' title="bbox 297 1534 1249 1632">
     <span class='ocr_line' id='line_1_7' title="bbox 297 1534 1249 1632; baseline 0.003 -26"><span class='ocrx_word' id='word_1_26' title='bbox 297 1534 330 1607; x_wconf 62' lang='grc' dir='ltr'><strong>Ξ</strong></span> <span class='ocrx_word' id='word_1_27' title='bbox 379 1542 426 1606; x_wconf 84' lang='lat' dir='ltr'><strong>un</strong></span> <span class='ocrx_word' id='word_1_28' title='bbox 454 1555 484 1607; x_wconf 86' lang='lat' dir='ltr'><strong>et</strong></span> <span class='ocrx_word' id='word_1_29' title='bbox 510 1565 571 1607; x_wconf 91' lang='lat' dir='ltr'><strong>non</strong></span> <span class='ocrx_word' id='word_1_30' title='bbox 600 1542 652 1606; x_wconf 89' lang='lat' dir='ltr'><strong>atii</strong></span> <span class='ocrx_word' id='word_1_31' title='bbox 681 1552 793 1630; x_wconf 85' lang='lat' dir='ltr'>posunt</span> <span class='ocrx_word' id='word_1_32' title='bbox 817 1565 955 1607; x_wconf 82' lang='lat' dir='ltr'><strong>exercere</strong></span> <span class='ocrx_word' id='word_1_33' title='bbox 979 1543 1207 1630; x_wconf 82' lang='lat' dir='ltr'><strong>spiritualem</strong></span> <span class='ocrx_word' id='word_1_34' title='bbox 1197 1567 1249 1632; x_wconf 81' lang='lat' dir='ltr'><strong>pr·</strong></span> 
     </span>
    </p>

    <p class='ocr_par' dir='ltr' id='par_1_7' title="bbox 181 1629 480 1717">
     <span class='ocr_line' id='line_1_8' title="bbox 181 1629 480 1717; baseline 0.007 -23"><span class='ocrx_word' id='word_1_35' title='bbox 181 1713 183 1717; x_wconf 80' lang='lat'><em>.</em></span> <span class='ocrx_word' id='word_1_36' title='bbox 254 1629 480 1698; x_wconf 88' lang='lat' dir='ltr'><strong>risdictionem.</strong></span> 
     </span>
    </p>

    <p class='ocr_par' dir='ltr' id='par_1_8' title="bbox 251 1719 1250 1876">
     <span class='ocr_line' id='line_1_9' title="bbox 296 1719 1250 1807; baseline 0.004 -23"><span class='ocrx_word' id='word_1_37' title='bbox 296 1724 327 1784; x_wconf 99' lang='lat'>5</span> <span class='ocrx_word' id='word_1_38' title='bbox 379 1721 426 1786; x_wconf 82' lang='lat' dir='ltr'><strong>nti</strong></span> <span class='ocrx_word' id='word_1_39' title='bbox 447 1734 477 1785; x_wconf 86' lang='lat' dir='ltr'><strong>et</strong></span> <span class='ocrx_word' id='word_1_40' title='bbox 495 1742 556 1786; x_wconf 93' lang='lat' dir='ltr'><strong>non</strong></span> <span class='ocrx_word' id='word_1_41' title='bbox 577 1720 628 1784; x_wconf 86' lang='lat' dir='ltr'><strong>aiii</strong></span> <span class='ocrx_word' id='word_1_42' title='bbox 655 1732 784 1807; x_wconf 79' lang='lat' dir='ltr'><strong>possunt</strong></span> <span class='ocrx_word' id='word_1_43' title='bbox 809 1719 949 1786; x_wconf 90' lang='lat' dir='ltr'><strong>obtinere</strong></span> <span class='ocrx_word' id='word_1_44' title='bbox 974 1719 1173 1786; x_wconf 82' lang='lat' dir='ltr'><strong>ecclesiastica</strong></span> <span class='ocrx_word' id='word_1_45' title='bbox 1195 1721 1250 1788; x_wconf 90' lang='lat' dir='ltr'><strong>be-</strong></span> 
     </span>
     <span class='ocr_line' id='line_1_10' title="bbox 251 1807 372 1876; baseline 0.025 -3"><span class='ocrx_word' id='word_1_46' title='bbox 251 1807 372 1876; x_wconf 86' lang='lat' dir='ltr'><strong>ncficia.</strong></span> 
     </span>
    </p>

    <p class='ocr_par' dir='ltr' id='par_1_9' title="bbox 251 1897 1248 2164">
     <span class='ocr_line' id='line_1_11' title="bbox 251 1897 1247 1984; baseline 0.005 -22"><span class='ocrx_word' id='word_1_47' title='bbox 251 1923 255 1933; x_wconf 90' lang='lat'><strong>·</strong></span> <span class='ocrx_word' id='word_1_48' title='bbox 297 1903 330 1965; x_wconf 75' lang='lat' dir='ltr'><strong>lt.</strong></span> <span class='ocrx_word' id='word_1_49' title='bbox 379 1901 413 1962; x_wconf 84' lang='lat' dir='ltr'><strong>in</strong></span> <span class='ocrx_word' id='word_1_50' title='bbox 432 1899 522 1964; x_wconf 89' lang='lat' dir='ltr'><strong>rebus</strong></span> <span class='ocrx_word' id='word_1_51' title='bbox 541 1897 750 1964; x_wconf 85' lang='lat' dir='ltr'><strong>ecciesiasticis</strong></span> <span class='ocrx_word' id='word_1_52' title='bbox 765 1919 887 1984; x_wconf 79' lang='lat' dir='ltr'><strong>semper</strong></span> <span class='ocrx_word' id='word_1_53' title='bbox 901 1897 1130 1983; x_wconf 83' lang='lat' dir='ltr'><strong>supereminent</strong></span> <span class='ocrx_word' id='word_1_54' title='bbox 1150 1899 1247 1968; x_wconf 87' lang='lat' dir='ltr'><strong>iaicis.</strong></span> 
     </span>
     <span class='ocr_line' id='line_1_12' title="bbox 297 1985 1248 2089; baseline 0.003 -37"><span class='ocrx_word' id='word_1_55' title='bbox 297 1989 331 2052; x_wconf 77' lang='lat'><strong>5.</strong></span> <span class='ocrx_word' id='word_1_56' title='bbox 380 1989 413 2051; x_wconf 92' lang='lat' dir='ltr'><strong>lu</strong></span> <span class='ocrx_word' id='word_1_57' title='bbox 437 1989 577 2052; x_wconf 88' lang='lat' dir='ltr'><strong>socictate</strong></span> <span class='ocrx_word' id='word_1_58' title='bbox 599 1987 679 2052; x_wconf 77' lang='lat' dir='ltr'><strong>civiti</strong></span> <span class='ocrx_word' id='word_1_59' title='bbox 697 1989 842 2089; x_wconf 38' lang='lat' dir='ltr'><strong>exempti·</strong></span> <span class='ocrx_word' id='word_1_60' title='bbox 848 1999 918 2052; x_wconf 87' lang='lat' dir='ltr'><strong>sunt</strong></span> <span class='ocrx_word' id='word_1_61' title='bbox 938 1991 954 2051; x_wconf 81' lang='lat' dir='ltr'><strong>ai</strong></span> <span class='ocrx_word' id='word_1_62' title='bbox 976 1985 1108 2074; x_wconf 80' lang='lat' dir='ltr'><strong>publicis</strong></span> <span class='ocrx_word' id='word_1_63' title='bbox 1129 1989 1248 2055; x_wconf 89' lang='lat' dir='ltr'><strong>officiis.</strong></span> 
     </span>
     <span class='ocr_line' id='line_1_13' title="bbox 297 2076 871 2164; baseline 0 -24"><span class='ocrx_word' id='word_1_64' title='bbox 297 2079 330 2143; x_wconf 87' lang='lat'>6</span> <span class='ocrx_word' id='word_1_65' title='bbox 379 2077 519 2142; x_wconf 86' lang='lat' dir='ltr'><strong>Gaudent</strong></span> <span class='ocrx_word' id='word_1_66' title='bbox 548 2077 706 2164; x_wconf 79' lang='lat' dir='ltr'><strong>priviiegio</strong></span> <span class='ocrx_word' id='word_1_67' title='bbox 732 2076 871 2144; x_wconf 89' lang='lat' dir='ltr'><strong>canonis.</strong></span> 
     </span>
    </p>

    <p class='ocr_par' dir='ltr' id='par_1_10' title="bbox 297 2165 798 2252">
     <span class='ocr_line' id='line_1_14' title="bbox 297 2165 798 2252; baseline -0.006 -22"><span class='ocrx_word' id='word_1_68' title='bbox 297 2169 331 2230; x_wconf 88' lang='lat'><strong>7.</strong></span> <span class='ocrx_word' id='word_1_69' title='bbox 380 2166 519 2231; x_wconf 82' lang='lat' dir='ltr'><strong>Gaudent</strong></span> <span class='ocrx_word' id='word_1_70' title='bbox 545 2166 703 2252; x_wconf 65' lang='lat' dir='ltr'><strong>privilegio</strong></span> <span class='ocrx_word' id='word_1_71' title='bbox 728 2165 798 2230; x_wconf 79' lang='lat' dir='ltr'><strong>sori.</strong></span> 
     </span>
    </p>

    <p class='ocr_par' dir='ltr' id='par_1_11' title="bbox 251 2254 1249 2429">
     <span class='ocr_line' id='line_1_15' title="bbox 297 2254 1249 2342; baseline 0.004 -24"><span class='ocrx_word' id='word_1_72' title='bbox 297 2257 330 2320; x_wconf 91' lang='lat'><strong>8</strong></span> <span class='ocrx_word' id='word_1_73' title='bbox 379 2258 570 2322; x_wconf 88' lang='lat' dir='ltr'><strong>Cicricorum</strong></span> <span class='ocrx_word' id='word_1_74' title='bbox 602 2255 680 2318; x_wconf 89' lang='lat' dir='ltr'><strong>bona</strong></span> <span class='ocrx_word' id='word_1_75' title='bbox 703 2254 904 2320; x_wconf 87' lang='lat' dir='ltr'><strong>ecclesiastica</strong></span> <span class='ocrx_word' id='word_1_76' title='bbox 932 2254 1131 2342; x_wconf 78' lang='lat' dir='ltr'><strong>vectigalibus</strong></span> <span class='ocrx_word' id='word_1_77' title='bbox 1156 2256 1249 2323; x_wconf 90' lang='lat' dir='ltr'><strong>Prin·</strong></span> 
     </span>
     <span class='ocr_line' id='line_1_16' title="bbox 251 2344 707 2429; baseline -0.005 -22"><span class='ocrx_word' id='word_1_78' title='bbox 251 2344 329 2429; x_wconf 82' lang='lat' dir='ltr'><strong>cipis</strong></span> <span class='ocrx_word' id='word_1_79' title='bbox 358 2367 418 2409; x_wconf 90' lang='lat' dir='ltr'><strong>non</strong></span> <span class='ocrx_word' id='word_1_80' title='bbox 448 2357 519 2408; x_wconf 88' lang='lat' dir='ltr'><strong>suut</strong></span> <span class='ocrx_word' id='word_1_81' title='bbox 545 2344 707 2408; x_wconf 78' lang='lat' dir='ltr'><strong>obnoxia..</strong></span> 
     </span>
    </p>

    <p class='ocr_par' dir='ltr' id='par_1_12' title="bbox 297 2432 1082 2535">
     <span class='ocr_line' id='line_1_17' title="bbox 297 2432 1082 2535; baseline 0.001 -39"><span class='ocrx_word' id='word_1_82' title='bbox 297 2437 329 2499; x_wconf 90' lang='grc'><strong>9</strong></span> <span class='ocrx_word' id='word_1_83' title='bbox 378 2434 487 2497; x_wconf 77' lang='lat' dir='ltr'><strong>Clerici</strong></span> <span class='ocrx_word' id='word_1_84' title='bbox 514 2433 647 2520; x_wconf 80' lang='lat' dir='ltr'><strong>gaudent</strong></span> <span class='ocrx_word' id='word_1_85' title='bbox 672 2432 831 2535; x_wconf 76' lang='lat' dir='ltr'><strong>privilegio</strong></span> <span class='ocrx_word' id='word_1_86' title='bbox 857 2432 1082 2518; x_wconf 76' lang='lat' dir='ltr'><strong>competentiae.</strong></span> 
     </span>
    </p>

    <p class='ocr_par' dir='ltr' id='par_1_13' title="bbox 208 2521 1248 2625">
     <span class='ocr_line' id='line_1_18' title="bbox 208 2521 1248 2625; baseline 0.003 -40"><span class='ocrx_word' id='word_1_87' title='bbox 208 2577 218 2593; x_wconf 77' lang='lat'>.</span> <span class='ocrx_word' id='word_1_88' title='bbox 297 2521 437 2586; x_wconf 75' lang='lat' dir='ltr'><strong>Gaudent</strong></span> <span class='ocrx_word' id='word_1_89' title='bbox 471 2523 629 2609; x_wconf 78' lang='lat' dir='ltr'><strong>privilegio</strong></span> <span class='ocrx_word' id='word_1_90' title='bbox 662 2523 802 2586; x_wconf 90' lang='lat' dir='ltr'><strong>canonis:</strong></span> <span class='ocrx_word' id='word_1_91' title='bbox 833 2522 993 2597; x_wconf 82' lang='lat' dir='ltr'><strong>tonsurati</strong></span> <span class='ocrx_word' id='word_1_92' title='bbox 1022 2523 1073 2625; x_wconf 82' lang='lat' dir='ltr'><strong>qui</strong></span> <span class='ocrx_word' id='word_1_93' title='bbox 1108 2522 1248 2588; x_wconf 90' lang='lat' dir='ltr'><strong>habitum</strong></span> 
     </span>
    </p>

    <p class='ocr_par' dir='ltr' id='par_1_14' title="bbox 252 2610 1250 2699">
     <span class='ocr_line' id='line_1_19' title="bbox 252 2610 1250 2699; baseline 0.003 -25"><span class='ocrx_word' id='word_1_94' title='bbox 252 2623 282 2674; x_wconf 83' lang='lat' dir='ltr'><strong>et</strong></span> <span class='ocrx_word' id='word_1_95' title='bbox 307 2622 465 2676; x_wconf 84' lang='lat' dir='ltr'><strong>tonsuram</strong></span> <span class='ocrx_word' id='word_1_96' title='bbox 496 2610 650 2689; x_wconf 85' lang='lat' dir='ltr'><strong>deferunt,</strong></span> <span class='ocrx_word' id='word_1_97' title='bbox 679 2621 708 2675; x_wconf 90' lang='lat' dir='ltr'><strong>et</strong></span> <span class='ocrx_word' id='word_1_98' title='bbox 738 2613 882 2686; x_wconf 83' lang='lat' dir='ltr'><strong>ecciesiae,</strong></span> <span class='ocrx_word' id='word_1_99' title='bbox 910 2612 1089 2694; x_wconf 87' lang='lat' dir='ltr'><strong>seminario,</strong></span> <span class='ocrx_word' id='word_1_100' title='bbox 1119 2614 1250 2699; x_wconf 78' lang='lat' dir='ltr'><strong>collegio</strong></span> 
     </span>
    </p>

    <p class='ocr_par' dir='ltr' id='par_1_15' title="bbox 248 2700 1251 3321">
     <span class='ocr_line' id='line_1_20' title="bbox 250 2700 1251 2786; baseline 0.002 -24"><span class='ocrx_word' id='word_1_101' title='bbox 250 2700 295 2763; x_wconf 84' lang='lat' dir='ltr'><strong>vei</strong></span> <span class='ocrx_word' id='word_1_102' title='bbox 328 2700 435 2765; x_wconf 84' lang='lat' dir='ltr'><strong>donrui</strong></span> <span class='ocrx_word' id='word_1_103' title='bbox 468 2702 616 2786; x_wconf 76' lang='lat' dir='ltr'><strong>religiosa</strong></span> <span class='ocrx_word' id='word_1_104' title='bbox 642 2700 784 2786; x_wconf 79' lang='lat' dir='ltr'><strong>assignati</strong></span> <span class='ocrx_word' id='word_1_105' title='bbox 814 2713 896 2780; x_wconf 82' lang='lat' dir='ltr'><strong>sunt3</strong></span> <span class='ocrx_word' id='word_1_106' title='bbox 926 2702 1090 2786; x_wconf 61' lang='lat' dir='ltr'><strong>regulares</strong></span> <span class='ocrx_word' id='word_1_107' title='bbox 1116 2703 1172 2766; x_wconf 83' lang='lat' dir='ltr'><strong>vici</strong></span> <span class='ocrx_word' id='word_1_108' title='bbox 1199 2713 1251 2764; x_wconf 88' lang='lat' dir='ltr'><strong>aut</strong></span> 
     </span>
     <span class='ocr_line' id='line_1_21' title="bbox 250 2787 1250 2874; baseline 0.005 -24"><span class='ocrx_word' id='word_1_109' title='bbox 250 2787 384 2865; x_wconf 82' lang='lat' dir='ltr'><strong>semime,</strong></span> <span class='ocrx_word' id='word_1_110' title='bbox 413 2790 556 2874; x_wconf 85' lang='lat' dir='ltr'><strong>professi,</strong></span> <span class='ocrx_word' id='word_1_111' title='bbox 582 2789 685 2853; x_wconf 90' lang='lat' dir='ltr'><strong>novitii</strong></span> <span class='ocrx_word' id='word_1_112' title='bbox 714 2802 766 2852; x_wconf 87' lang='lat' dir='ltr'><strong>aut</strong></span> <span class='ocrx_word' id='word_1_113' title='bbox 793 2790 943 2871; x_wconf 88' lang='lat' dir='ltr'><strong>conversi;</strong></span> <span class='ocrx_word' id='word_1_114' title='bbox 975 2790 1103 2852; x_wconf 90' lang='lat' dir='ltr'><strong>tertiarii</strong></span> <span class='ocrx_word' id='word_1_115' title='bbox 1126 2803 1155 2855; x_wconf 89' lang='lat' dir='ltr'><strong>et</strong></span> <span class='ocrx_word' id='word_1_116' title='bbox 1187 2802 1250 2855; x_wconf 87' lang='lat' dir='ltr'><strong>ter·</strong></span> 
     </span>
     <span class='ocr_line' id='line_1_22' title="bbox 249 2839 1250 2965; baseline 0.005 -26"><span class='ocrx_word' id='word_1_117' title='bbox 249 2877 346 2940; x_wconf 82' lang='lat' dir='ltr'><strong>tiariae</strong></span> <span class='ocrx_word' id='word_1_118' title='bbox 367 2839 514 2943; x_wconf 83' lang='lat' dir='ltr'><strong>drdiuum</strong></span> <span class='ocrx_word' id='word_1_119' title='bbox 537 2878 777 2943; x_wconf 87' lang='lat' dir='ltr'><strong>mendicantium</strong></span> <span class='ocrx_word' id='word_1_120' title='bbox 784 2880 867 2965; x_wconf 90' lang='lat' dir='ltr'><strong>qui</strong></span> <span class='ocrx_word' id='word_1_121' title='bbox 889 2878 927 2942; x_wconf 87' lang='lat' dir='ltr'><strong>dc</strong></span> <span class='ocrx_word' id='word_1_122' title='bbox 947 2879 1103 2943; x_wconf 91' lang='lat' dir='ltr'><strong>Ordinarii</strong></span> <span class='ocrx_word' id='word_1_123' title='bbox 1129 2880 1250 2944; x_wconf 76' lang='lat' dir='ltr'><strong>licentia</strong></span> 
     </span>
     <span class='ocr_line' id='line_1_23' title="bbox 249 2967 1251 3053; baseline 0.001 -23"><span class='ocrx_word' id='word_1_124' title='bbox 249 2977 408 3051; x_wconf 84' lang='lat' dir='ltr'><strong>perpetum</strong></span> <span class='ocrx_word' id='word_1_125' title='bbox 425 2967 569 3031; x_wconf 84' lang='lat' dir='ltr'><strong>castitatis</strong></span> <span class='ocrx_word' id='word_1_126' title='bbox 588 2981 691 3031; x_wconf 89' lang='lat' dir='ltr'><strong>votum</strong></span> <span class='ocrx_word' id='word_1_127' title='bbox 714 2967 869 3051; x_wconf 80' lang='lat' dir='ltr'><strong>cmittunt3</strong></span> <span class='ocrx_word' id='word_1_128' title='bbox 887 2982 916 3031; x_wconf 85' lang='lat' dir='ltr'><strong>et</strong></span> <span class='ocrx_word' id='word_1_129' title='bbox 937 2968 1083 3049; x_wconf 79' lang='lat' dir='ltr'><strong>eremitas,</strong></span> <span class='ocrx_word' id='word_1_130' title='bbox 1105 2969 1157 3053; x_wconf 91' lang='lat' dir='ltr'><strong>qui</strong></span> <span class='ocrx_word' id='word_1_131' title='bbox 1179 2981 1251 3053; x_wconf 89' lang='lat' dir='ltr'><strong>sunt</strong></span> 
     </span>
     <span class='ocr_line' id='line_1_24' title="bbox 248 3049 1250 3160; baseline 0.005 -44"><span class='ocrx_word' id='word_1_132' title='bbox 248 3057 323 3119; x_wconf 80' lang='lat' dir='ltr'><strong>tales</strong></span> <span class='ocrx_word' id='word_1_133' title='bbox 353 3056 509 3120; x_wconf 88' lang='lat' dir='ltr'><strong>Ordinarii</strong></span> <span class='ocrx_word' id='word_1_134' title='bbox 535 3055 724 3138; x_wconf 85' lang='lat' dir='ltr'><strong>auctoritate,</strong></span> <span class='ocrx_word' id='word_1_135' title='bbox 751 3068 780 3120; x_wconf 88' lang='lat' dir='ltr'><strong>et</strong></span> <span class='ocrx_word' id='word_1_136' title='bbox 805 3049 986 3142; x_wconf 79' lang='lat' dir='ltr'><strong>generaiiter</strong></span> <span class='ocrx_word' id='word_1_137' title='bbox 1008 3056 1100 3120; x_wconf 83' lang='lat' dir='ltr'><strong>vitam</strong></span> <span class='ocrx_word' id='word_1_138' title='bbox 1124 3070 1250 3160; x_wconf 76' lang='lat' dir='ltr'><strong>agentes</strong></span> 
     </span>
     <span class='ocr_line' id='line_1_25' title="bbox 248 3143 1248 3232; baseline 0 -23"><span class='ocrx_word' id='word_1_139' title='bbox 248 3143 279 3209; x_wconf 91' lang='lat' dir='ltr'><strong>in</strong></span> <span class='ocrx_word' id='word_1_140' title='bbox 307 3145 465 3210; x_wconf 84' lang='lat' dir='ltr'><strong>corrrmuni</strong></span> <span class='ocrx_word' id='word_1_141' title='bbox 498 3145 555 3210; x_wconf 87' lang='lat' dir='ltr'><strong>sub</strong></span> <span class='ocrx_word' id='word_1_142' title='bbox 584 3146 687 3232; x_wconf 82' lang='lat' dir='ltr'><strong>aliquo</strong></span> <span class='ocrx_word' id='word_1_143' title='bbox 716 3148 858 3228; x_wconf 82' lang='lat' dir='ltr'><strong>Praelato,</strong></span> <span class='ocrx_word' id='word_1_144' title='bbox 886 3145 940 3209; x_wconf 89' lang='lat' dir='ltr'><strong>etsi</strong></span> <span class='ocrx_word' id='word_1_145' title='bbox 970 3167 1039 3208; x_wconf 94' lang='lat' dir='ltr'><strong>cum</strong></span> <span class='ocrx_word' id='word_1_146' title='bbox 1071 3148 1148 3211; x_wconf 86' lang='lat' dir='ltr'><strong>votis</strong></span> <span class='ocrx_word' id='word_1_147' title='bbox 1171 3147 1248 3210; x_wconf 86' lang='lat' dir='ltr'><strong>sim·</strong></span> 
     </span>
     <span class='ocr_line' id='line_1_26' title="bbox 249 3233 1248 3321; baseline 0.003 -25"><span class='ocrx_word' id='word_1_148' title='bbox 249 3233 396 3320; x_wconf 80' lang='lat' dir='ltr'><strong>plicibus,</strong></span> <span class='ocrx_word' id='word_1_149' title='bbox 425 3237 563 3321; x_wconf 86' lang='lat' dir='ltr'><strong>quamvis</strong></span> <span class='ocrx_word' id='word_1_150' title='bbox 591 3234 698 3318; x_wconf 74' lang='lat' dir='ltr'><strong>religio</strong></span> <span class='ocrx_word' id='word_1_151' title='bbox 726 3256 779 3298; x_wconf 92' lang='lat' dir='ltr'><strong>nec</strong></span> <span class='ocrx_word' id='word_1_152' title='bbox 809 3236 849 3298; x_wconf 86' lang='lat' dir='ltr'><strong>sit</strong></span> <span class='ocrx_word' id='word_1_153' title='bbox 874 3234 1041 3321; x_wconf 89' lang='lat' dir='ltr'><strong>approbata</strong></span> <span class='ocrx_word' id='word_1_154' title='bbox 1068 3257 1122 3300; x_wconf 87' lang='lat' dir='ltr'><strong>nec</strong></span> <span class='ocrx_word' id='word_1_155' title='bbox 1151 3236 1182 3299; x_wconf 93' lang='lat' dir='ltr'><strong>in</strong></span> <span class='ocrx_word' id='word_1_156' title='bbox 1214 3255 1248 3300; x_wconf 87' lang='lat' dir='ltr'><strong>ea</strong></span> 
     </span>
    </p>
   </div>
   <div class='ocr_carea' id='block_1_5' title="bbox 148 3322 911 3412">
    <p class='ocr_par' dir='ltr' id='par_1_16' title="bbox 148 3322 911 3412">
     <span class='ocr_line' id='line_1_27' title="bbox 148 3322 911 3412; baseline 0.001 -25"><span class='ocrx_word' id='word_1_157' title='bbox 148 3325 151 3332; x_wconf 75' lang='grc'><strong>“</strong></span> <span class='ocrx_word' id='word_1_158' title='bbox 194 3361 196 3366; x_wconf 92' lang='grc'>-</span> <span class='ocrx_word' id='word_1_159' title='bbox 248 3324 469 3388; x_wconf 85' lang='lat' dir='ltr'><strong>communitate</strong></span> <span class='ocrx_word' id='word_1_160' title='bbox 498 3324 549 3388; x_wconf 87' lang='lat' dir='ltr'><strong>tiat</strong></span> <span class='ocrx_word' id='word_1_161' title='bbox 579 3322 728 3408; x_wconf 84' lang='lat' dir='ltr'><strong>professio</strong></span> <span class='ocrx_word' id='word_1_162' title='bbox 758 3323 911 3412; x_wconf 80' lang='lat' dir='ltr'><strong>religiosa.</strong></span> 
     </span>
    </p>
   </div>
   <div class='ocr_carea' id='block_1_6' title="bbox 187 3412 1249 4124">
    <p class='ocr_par' dir='ltr' id='par_1_17' title="bbox 248 3412 1248 3654">
     <span class='ocr_line' id='line_1_28' title="bbox 293 3412 1248 3500; baseline 0 -24"><span class='ocrx_word' id='word_1_163' title='bbox 293 3413 434 3477; x_wconf 88' lang='lat' dir='ltr'><strong>Gaudent</strong></span> <span class='ocrx_word' id='word_1_164' title='bbox 471 3414 631 3500; x_wconf 78' lang='lat' dir='ltr'><strong>privilegio</strong></span> <span class='ocrx_word' id='word_1_165' title='bbox 663 3413 734 3475; x_wconf 89' lang='lat' dir='ltr'><strong>fori:</strong></span> <span class='ocrx_word' id='word_1_166' title='bbox 767 3415 820 3500; x_wconf 91' lang='lat' dir='ltr'><strong>qui</strong></span> <span class='ocrx_word' id='word_1_167' title='bbox 852 3412 1036 3477; x_wconf 85' lang='lat' dir='ltr'><strong>beneficium</strong></span> <span class='ocrx_word' id='word_1_168' title='bbox 1066 3412 1248 3476; x_wconf 84' lang='lat' dir='ltr'><strong>ecclesiasti·</strong></span> 
     </span>
     <span class='ocr_line' id='line_1_29' title="bbox 248 3501 1248 3590; baseline 0.003 -26"><span class='ocrx_word' id='word_1_169' title='bbox 248 3523 326 3565; x_wconf 85' lang='lat' dir='ltr'><strong>cum·</strong></span> <span class='ocrx_word' id='word_1_170' title='bbox 347 3502 516 3588; x_wconf 80' lang='lat' dir='ltr'><strong>possiden13</strong></span> <span class='ocrx_word' id='word_1_171' title='bbox 544 3515 572 3568; x_wconf 90' lang='lat' dir='ltr'><strong>et</strong></span> <span class='ocrx_word' id='word_1_172' title='bbox 595 3501 744 3567; x_wconf 84' lang='lat' dir='ltr'><strong>tonsurati</strong></span> <span class='ocrx_word' id='word_1_173' title='bbox 769 3503 822 3590; x_wconf 92' lang='lat' dir='ltr'><strong>qui</strong></span> <span class='ocrx_word' id='word_1_174' title='bbox 846 3503 979 3589; x_wconf 80' lang='lat' dir='ltr'><strong>gaudent</strong></span> <span class='ocrx_word' id='word_1_175' title='bbox 1008 3501 1169 3589; x_wconf 76' lang='lat' dir='ltr'><strong>privitcgio</strong></span> <span class='ocrx_word' id='word_1_176' title='bbox 1194 3525 1248 3567; x_wconf 91' lang='lat' dir='ltr'><strong>ca·</strong></span> 
     </span>
     <span class='ocr_line' id='line_1_30' title="bbox 248 3611 351 3654; baseline 0.01 -1"><span class='ocrx_word' id='word_1_177' title='bbox 248 3611 351 3654; x_wconf 77' lang='lat' dir='ltr'><strong>nouis.</strong></span> 
     </span>
    </p>

    <p class='ocr_par' dir='ltr' id='par_1_18' title="bbox 187 3679 1249 3945">
     <span class='ocr_line' id='line_1_31' title="bbox 294 3679 1249 3768; baseline 0.003 -26"><span class='ocrx_word' id='word_1_178' title='bbox 294 3679 428 3744; x_wconf 89' lang='lat' dir='ltr'><strong>Canonis</strong></span> <span class='ocrx_word' id='word_1_179' title='bbox 463 3681 657 3768; x_wconf 78' lang='lat' dir='ltr'><strong>privilegium</strong></span> <span class='ocrx_word' id='word_1_180' title='bbox 692 3681 854 3747; x_wconf 88' lang='lat' dir='ltr'><strong>amittitur:</strong></span> <span class='ocrx_word' id='word_1_181' title='bbox 898 3679 922 3744; x_wconf 96' lang='lat' dir='ltr'><strong>si</strong></span> <span class='ocrx_word' id='word_1_182' title='bbox 963 3692 1009 3743; x_wconf 87' lang='lat' dir='ltr'><strong>ter</strong></span> <span class='ocrx_word' id='word_1_183' title='bbox 1043 3682 1249 3747; x_wconf 88' lang='lat' dir='ltr'><strong>committitur</strong></span> 
     </span>
     <span class='ocr_line' id='line_1_32' title="bbox 248 3768 1247 3856; baseline 0.004 -26"><span class='ocrx_word' id='word_1_184' title='bbox 248 3787 374 3832; x_wconf 87' lang='lat' dir='ltr'><strong>enorme</strong></span> <span class='ocrx_word' id='word_1_185' title='bbox 401 3768 560 3850; x_wconf 82' lang='lat' dir='ltr'><strong>delictum3</strong></span> <span class='ocrx_word' id='word_1_186' title='bbox 589 3794 643 3856; x_wconf 86' lang='lat' dir='ltr'><strong>per</strong></span> <span class='ocrx_word' id='word_1_187' title='bbox 674 3794 734 3836; x_wconf 90' lang='lat' dir='ltr'><strong>uon</strong></span> <span class='ocrx_word' id='word_1_188' title='bbox 764 3793 852 3834; x_wconf 90' lang='lat' dir='ltr'><strong>usum</strong></span> <span class='ocrx_word' id='word_1_189' title='bbox 878 3769 1014 3851; x_wconf 84' lang='lat' dir='ltr'><strong>habitus,</strong></span> <span class='ocrx_word' id='word_1_190' title='bbox 1042 3781 1110 3854; x_wconf 87' lang='lat' dir='ltr'><strong>post</strong></span> <span class='ocrx_word' id='word_1_191' title='bbox 1133 3771 1247 3836; x_wconf 87' lang='lat' dir='ltr'><strong>trinam</strong></span> 
     </span>
     <span class='ocr_line' id='line_1_33' title="bbox 187 3856 1063 3945; baseline 0.002 -25"><span class='ocrx_word' id='word_1_192' title='bbox 187 3883 197 3897; x_wconf 93' lang='lat'><strong>·</strong></span> <span class='ocrx_word' id='word_1_193' title='bbox 248 3856 405 3921; x_wconf 87' lang='lat' dir='ltr'><strong>Ordinarii</strong></span> <span class='ocrx_word' id='word_1_194' title='bbox 434 3859 690 3938; x_wconf 81' lang='lat' dir='ltr'><strong>admonitionem,</strong></span> <span class='ocrx_word' id='word_1_195' title='bbox 718 3883 772 3945; x_wconf 86' lang='lat' dir='ltr'><strong>per</strong></span> <span class='ocrx_word' id='word_1_196' title='bbox 800 3859 1063 3945; x_wconf 76' lang='lat' dir='ltr'><strong>degradationem.</strong></span> 
     </span>
    </p>

    <p class='ocr_par' dir='ltr' id='par_1_19' title="bbox 239 3947 1245 4124">
     <span class='ocr_line' id='line_1_34' title="bbox 239 3947 1245 4034; baseline -0.001 -20"><span class='ocrx_word' id='word_1_197' title='bbox 239 4008 242 4014; x_wconf 89' lang='lat'><em>.</em></span> <span class='ocrx_word' id='word_1_198' title='bbox 291 3947 445 4010; x_wconf 78' lang='lat' dir='ltr'><strong>Amittunt</strong></span> <span class='ocrx_word' id='word_1_199' title='bbox 471 3948 530 4012; x_wconf 83' lang='lat' dir='ltr'><strong>ioci</strong></span> <span class='ocrx_word' id='word_1_200' title='bbox 554 3950 747 4033; x_wconf 66' lang='lat' dir='ltr'><strong>privilegium</strong></span> <span class='ocrx_word' id='word_1_201' title='bbox 775 3949 876 4014; x_wconf 86' lang='lat' dir='ltr'><strong>clerici</strong></span> <span class='ocrx_word' id='word_1_202' title='bbox 902 3950 954 4034; x_wconf 88' lang='lat' dir='ltr'><strong>qui</strong></span> <span class='ocrx_word' id='word_1_203' title='bbox 982 3947 1120 4012; x_wconf 86' lang='lat' dir='ltr'><strong>habitum</strong></span> <span class='ocrx_word' id='word_1_204' title='bbox 1150 3948 1245 4013; x_wconf 87' lang='lat' dir='ltr'><strong>reiin·</strong></span> 
     </span>
     <span class='ocr_line' id='line_1_35' title="bbox 247 4036 1176 4124; baseline -0.001 -22"><span class='ocrx_word' id='word_1_205' title='bbox 247 4049 359 4124; x_wconf 80' lang='lat' dir='ltr'><strong>quum,</strong></span> <span class='ocrx_word' id='word_1_206' title='bbox 386 4036 573 4102; x_wconf 88' lang='lat' dir='ltr'><strong>etiam-ante</strong></span> <span class='ocrx_word' id='word_1_207' title='bbox 600 4037 755 4105; x_wconf 86' lang='lat' dir='ltr'><strong>Ordinurii</strong></span> <span class='ocrx_word' id='word_1_208' title='bbox 781 4039 915 4124; x_wconf 89' lang='lat' dir='ltr'><strong>primam</strong></span> <span class='ocrx_word' id='word_1_209' title='bbox 941 4038 1176 4104; x_wconf 85' lang='lat' dir='ltr'><strong>correctionem.</strong></span> 
     </span>
    </p>
   </div>
   <div class='ocr_carea' id='block_1_7' title="bbox 1027 4217 1049 4284">
    <p class='ocr_par' dir='ltr' id='par_1_20' title="bbox 1027 4217 1049 4284">
     <span class='ocr_line' id='line_1_36' title="bbox 1027 4217 1049 4284; baseline 0 0"><span class='ocrx_word' id='word_1_210' title='bbox 1027 4217 1049 4284; x_wconf 75' lang='lat'><strong>2</strong></span> 
     </span>
    </p>
   </div>
   <div class='ocr_carea' id='block_1_8' title="bbox 0 0 1454 4776">
    <p class='ocr_par' dir='ltr' id='par_1_21' title="bbox 0 0 1454 4776">
     <span class='ocr_line' id='line_1_37' title="bbox 0 0 1454 4776; baseline 0 1"><span class='ocrx_word' id='word_1_211' title='bbox 0 0 1454 4776; x_wconf 95' lang='lat' dir='ltr'><strong> </strong></span> 
     </span>
    </p>
   </div>
  </div>
 </body>
</html>
