2898 4776
227 601 254 705 4
308 600 469 706 aare
469 599 655 706 QQQ
714 599 1273 730 caerem-afflare

624 1119 758 1199 44444.
784 1133 824 1197 1.

409 1330 552 1382 ROMANI
574 1330 775 1383 PONTIFICIS
799 1327 1037 1380 DOCUMENTA.

270 1476 403 1542 Romani
428 1477 589 1542 Pontilicis
617 1477 802 1541 documenta
822 1475 881 1538 alia
906 1477 1055 1560 generalia
1079 1489 1219 1562 prototo

224 1567 367 1644 Ecclesia,
395 1565 453 1628 4114
468 1567 622 1652 specialia,
639 1566 719 1630 dieta
736 1564 894 1650 rescripta,
907 1585 965 1650 pro
984 1567 1126 1631 Ecclesiae
1137 1580 1220 1653 parte

225 1667 308 1721 sunt.

271 1741 429 1828 Generalis
454 1751 536 1809 suut:
561 1744 812 1826 Constitutiones,
835 1743 913 1806 inter
934 1765 1009 1828 quos
1029 1745 1126 1808 Bullae
1143 1745 1223 1834 dog·

224 1836 355 1909 maticae,
389 1836 527 1913 Decreta,
557 1843 587 1897 44
611 1833 754 1917 Epistolae
782 1831 959 1896 decretales.
990 1834 1039 1897 Uti
1068 1836 1220 1918 Concilio,

222 1923 262 1986 ita
295 1922 478 1986 documenta
512 1922 729 2006 generalised
758 1919 865 2001 lidem,
895 1920 933 1988 ad
962 1945 1075 2002 mores,
1109 1926 1155 1988 vel
1183 1925 1221 1990 ad
1311 1969 1313 1975 ·

220 2011 415 2096 disciplinam
441 2010 606 2096 pertinent.

261 2100 419 2186 Rescripta
441 2122 513 2164 vero
536 2122 591 2185 per
610 2099 782 2202 simplicem
807 2097 1009 2181 scripturam,
1031 2103 1137 2176 Breve,
1169 2114 1223 2166 444

217 2189 353 2268 Bullam,
383 2211 441 2274 pro
463 2189 544 2254 varia
574 2190 769 2274 negotiorum
786 2187 952 2289 ⁸gravitate
981 2189 1197 2272 expediuntur.

262 2281 453 2342 Documenta
486 2278 647 2342 Pontificia
681 2276 850 2363 posteriora
886 2274 1033 2363 derogant
1060 2278 1220 2362 prioribus
1251 2287 1254 2294 '

217 2370 299 2454 juxta
332 2376 493 2452 sequentes
516 2368 653 2454 regulas:

262 2462 294 2521 4.
350 2455 533 2520 constitutio
561 2454 712 2542 posterior
743 2463 850 2518 contra
874 2453 1131 2520 Constitutionem
1162 2477 1219 2520 an-

218 2546 376 2620 teriorem,
405 2545 544 2630 quamvis
572 2545 610 2609 de
636 2543 734 2631 priori
763 2565 843 2610 444
854 2541 908 2606 liat
932 2544 1062 2607 mentio.

264 2640 298 2700 2.
344 2635 540 2721 Rescriptum
565 2633 717 2720 posterius
742 2643 850 2698 contra
875 2633 975 2719 legem
1002 2633 1134 2699 Consilii
1160 2637 1220 2700 Ge-

219 2723 344 2801 neralis,
376 2723 400 2785 si
427 2723 465 2787 de
492 2723 589 2809 priori
616 2722 651 2787 lit
676 2722 806 2788 mentio.

266 2818 299 2879 5.
347 2812 543 2896 Rescriptum
574 2811 725 2898 posterius
757 2819 863 2875 contra
888 2808 1024 2898 regulam
1059 2810 1223 2903 04444114·

223 2902 277 2966 rice
304 2902 464 2981 Romame,
496 2901 520 2963 si
546 2899 584 2964 de
611 2922 644 2964 44
670 2899 706 2962 lit
734 2899 865 2966 4444414.

267 2995 301 3059 4.
348 2992 540 3054 Documenta
569 2989 680 3053 soeculo
706 2993 749 3052 42
777 2987 958 3090 posteriora,
986 2987 1018 3050 iu
1044 2986 1145 3053 tribus
1171 3013 1219 3054 re-

220 3079 299 3165 gulis
315 3077 520 3142 anterioribus
536 3100 599 3142 non
623 3077 791 3152 1441444,
768 3099 793 3140 sr
813 3077 917 3141 ferunt
940 3086 1116 3162 sequentem
1136 3079 1222 3143 clau·

222 3169 334 3231 sulam:
359 3166 550 3233 ‹icoctrnriis
573 3167 819 3254 quibuscumque
838 3188 900 3230 non
923 3165 1151 3232 obstantibusza
1175 3170 1223 3233 vel

221 3257 323 3323 istum:
356 3259 447 3322 «Non
477 3254 971 3321 obstantibus-Constitutionibus
996 3257 1218 3339 Apostolicis.»

265 3349 298 3414 5.
346 3344 543 3431 Rescriptum
572 3344 734 3432 specialius
763 3355 870 3408 contra
906 3344 1089 3426 rescriptum
1119 3346 1224 3410 minus

223 3435 365 3522 speciale,
394 3434 533 3522 quamvis
562 3433 600 3498 de
628 3432 726 3520 priori
751 3454 812 3497 non
839 3432 891 3497 liat
914 3434 1042 3498 mentio.

153 3543 161 3554 ·
267 3527 299 3587 6.
348 3527 406 3589 Lex
423 3523 581 3609 pontilicis
605 3533 711 3588 contra
735 3543 854 3586 morem
878 3522 1021 3602 localem,
1048 3532 1154 3587 contra
1175 3524 1222 3588 lc·

223 3635 292 3695 gem
320 3613 555 3692 concretiorem,
591 3613 637 3678 vel
665 3624 770 3677 eontra
804 3611 1012 3698 privilegium,
1049 3611 1222 3678 dummodo

222 3702 276 3766 fiac
301 3704 416 3766 mentio
447 3702 484 3765 de
509 3723 608 3784 more,
635 3701 712 3785 lege,
741 3701 786 3764 441
816 3701 990 3785 privilegio.

267 3793 301 3857 7.
350 3794 500 3854 Statutnm
533 3791 579 3854 441
612 3789 767 3854 decretum
795 3790 995 3854 Pontificium
1031 3792 1221 3854 contrarium

223 3890 334 3944 statuto
355 3880 399 3944 vel
428 3879 549 3943 decreto
578 3879 707 3946 Consilii
729 3879 911 3961 Tridentini,
937 3878 1077 3967 quamvis
1101 3878 1138 3944 dc
1167 3881 1225 3945 lroc

224 3991 286 4034 non
314 3969 367 4034 1444
397 3968 526 4032 mentio.
