2938 4770
657 469 881 514 canonicalium

666 750 782 831 Num.
810 743 880 828 aa.

519 951 811 1004 APPELLATIONES
833 950 878 1000 AB
902 951 1026 1004 ABUSU.

585 1065 745 1133 (naeuxsos
765 1077 803 1114 oe
821 1063 957 1130 razaza.)

324 1205 500 1292 Appellatio
528 1208 567 1274 ab
592 1205 689 1272 abusu
715 1205 837 1272 definiri
862 1217 972 1293 potest:
1002 1209 1019 1270 ri
1044 1205 1148 1293 judice
1173 1210 1271 1288 eccle,-

275 1298 394 1362 siastioo
419 1319 472 1360 sua
503 1308 650 1383 potestate
678 1295 821 1360 abutente
855 1297 894 1360 ad
927 1295 1065 1383 judicem
1093 1299 1269 1363 saecularem

275 1386 464 1474 provocatio.
922 1459 926 1466 ,

320 1475 659 1552 ιΙυάει,εοοΙεείιιεῑίοιιε
686 1496 740 1540 sua
763 1483 907 1557 potestate
928 1474 1013 1537 abuti
1037 1485 1136 1558 polest
1155 1475 1200 1541 rel
1221 1479 1273 1541 in«

275 1563 388 1650 jeretam
414 1564 593 1630 sententiam
626 1563 869 1652 pronuntiando,
901 1565 945 1626 vel
974 1561 1154 1648 judicialem
1183 1565 1270 1628 ordi·

274 1676 345 1718 nem
367 1675 427 1718 non
455 1653 613 1719 servando.
642 1656 672 1720 Si
694 1653 865 1737 appellatur
892 1651 1009 1721 ratione
1032 1652 1200 1737 injustitiae,
1223 1654 1270 1718 di·

275 1744 355 1806 citur
375 1744 540 1828 appellatio
566 1745 707 1828 simplex3
730 1742 756 1812 'si
780 1742 952 1827 appellatur
971 1741 1012 1808 ob
1037 1763 1099 1806 non
1118 1755 1271 1808 serratum

276 1831 428 1908 ordinem,
456 1831 570 1896 dicitnr
592 1831 758 1922 appellatio
787 1831 826 1896 ab
849 1830 960 1897 abusu.

320 1921 534 1987 Couunnniler
565 1923 734 1988 sentierunt
759 1931 790 1985 et
817 1921 953 1986 sentiunt
976 1929 1117 1984 auctores
1149 1919 1271 2007 simpli·

274 2032 341 2079 cem
365 2010 603 2095 appellationem
628 2012 767 2076 illicitam
790 2020 818 2072 et
842 2010 959 2080 nullium
981 2031 1057 2092 esse;
1082 2009 1134 2074 sed
1161 2010 1270 2095 aliqui,

275 2104 292 2162 a
318 2099 435 2164 Caluini
460 2111 609 2184 tempore·
639 2101 781 2164 dixerunt
806 2097 919 2162 licitarn
942 2119 1006 2160 esse
1032 2097 1272 2181 appellationem

275 2187 314 2251 ab
339 2185 449 2257 abusu.
476 2187 561 2274 quod
580 2189 706 2276 quidem
726 2187 868 2252 sustineri
896 2186 1002 2272 nequit
1026 2199 1151 2271 propter
1176 2188 1271 2251 ratio-

275 2299 330 2346 nes
356 2289 527 2362 sequentes

318 2368 385 2430 Prae
412 2366 511 2430 oculis
539 2389 660 2452 semper
688 2363 866 2432 habendum
893 2362 1042 2448 estquod
1065 2367 1158 2432 Rom.
1185 2369 1267 2430 Pon·

276 2454 346 2518 tifex
373 2457 434 2518 Leo
458 2457 526 2534 llll,
554 2456 591 2520 de
620 2456 673 2521 lxac
697 2478 728 2518 re
756 2457 882 2539 loquens
903 2456 946 2516 llt
970 2452 1053 2515 lunii
1078 2457 1176 2535 lael,
1199 2457 1272 2518 Gal-

275 2544 387 2608 liarum
408 2545 484 2630 Regi
510 2543 663 2609 scribebat
679 2546 847 2630 sequentia:
885 2544 958 2605 «On
982 2541 1096 2632 medita
1129 2543 1273 2609 d'onvrir

273 2631 328 2696 des
352 2636 508 2699 rroxrvelles
540 2634 637 2718 plaies
664 2634 740 2700 dans
767 2636 794 2696 le
820 2632 901 2696 seins
923 2630 961 2699 de
988 2631 1128 2717 l’Eglise‚
1153 2656 1191 2697 en
1223 2657 1271 2697 re·

275 2732 403 2785 mettaot
427 2746 463 2787 en
492 2723 621 2808 xipuour
642 2725 685 2788 les
708 2723 815 2809 appels
843 2743 964 2787 comme
983 2719 1098 2785 d'abus
1122 2721 1273 2786 inconnus

274 2815 291 2876 ri
320 2816 344 2874 la
372 2811 531 2879 venerable
557 2814 718 2900 antiquite.
748 2833 856 2874 sorrrce
877 2808 915 2873 de
938 2809 1085 2873 de'sordre
1109 2813 1223 2874 eternel
1243 2828 1272 2875 et

275 2899 313 2964 de
333 2899 468 2964 vexation
494 2903 681 2965 continuelle
699 2909 805 2965 contre
831 2901 857 2962 le
877 2900 995 2983 (Ilerge,
1019 2901 1199 2984 usurpation
1218 2899 1271 2966 dea

272 2988 371 3056 droits
400 2990 441 3052 les
466 2989 536 3074 plue
559 2994 658 3054 sacres
681 2989 719 3054 de
747 2982 913 3074 l’Eglise.»

320 3080 448 3164 lnsuper
465 3078 634 3149 notandum
654 3077 798 3164 estquod
820 3078 851 3139 in
874 3074 1037 3138 Constitut.
1058 3074 1105 3138 Pii
1129 3079 1191 3142 PP.
1216 3080 1271 3142 lX.

276 3167 485 3252 «Apostoliere
498 3167 584 3232 Sedis
592 3194 609 3230 »
623 3169 797 3252 imponitur
815 3163 1091 3229 excommunicatio
1113 3162 1180 3230 latae
1199 3189 1271 3232 sen-

275 3256 389 3333 tentiae,
417 3256 541 3342 speciali
565 3257 660 3323 modo
687 3260 828 3321 Romano
851 3252 993 3319 Pontifici
1019 3267 1179 3338 reservata,
1197 3277 1268 3321 eon·

274 3356 320 3408 tra
348 3345 577 3430 «impedientes
598 3347 712 3412 directe
735 3345 781 3410 rel
809 3343 955 3408 indirecte
980 3343 1155 3408 exercitium
1173 3343 1270 3428 juris·

272 3433 418 3498 dictionis
442 3435 649 3501 ecclesiastieae
679 3436 740 3499 sire
766 3434 878 3498 interni
898 3433 960 3496 sire
987 3433 1100 3496 externi
1130 3434 1203 3514 lori,
1237 3446 1267 3498 et

273 3523 312 3591 ad
335 3522 394 3587 hoe
415 3536 605 3590 recurrentes
622 3525 661 3590 ad
680 3525 783 3589 lorum
807 3522 950 3602 saeculare
974 3522 1102 3606 ejusque
1122 3524 1269 3590 mandata

274 3625 483 3698 procurantes,
513 3613 648 3697 edentes,
682 3625 736 3678 ant
763 3612 923 3691 auxilinm,
950 3610 1115 3674 consilium
1146 3614 1191 3676 vel
1224 3614 1239 3678 f
1256 3651 1271 3666 -

258 3697 376 3765 vvorem
403 3714 617 3787 praestantes.»

315 3794 474 3856 Praeterea:
498 3792 576 3856 inter
597 3814 715 3857 errores
734 3791 764 3855 in
788 3789 910 3876 Syllabo
931 3789 1092 3853 damnatos
1112 3790 1266 3857 invenitur

271 3901 360 3942 num.
387 3883 442 3946 ll:
471 3881 588 3946 «Civili
616 3881 765 3967 potestati,
799 3880 846 3944 vel
880 3878 919 3941 ab
952 3875 1069 3942 inlideli
1097 3879 1266 3965 iurperanl'e

271 3967 405 4033 exercitae
421 3971 567 4056 competit
586 3981 716 4058 poteslas
732 3969 878 4038 indirecta
900 3967 1033 4055 negativa
1053 3969 1083 4029 in
1107 3977 1202 4051 sacr'a3
1224 3975 1269 4036 ei·

1057 4062 1092 4120 lii
