2898 4776
604 609 829 656 cauonrcauuu
1127 593 1174 660 bl

223 723 415 816 hujusmodi,
442 723 561 812 aliaque
583 723 773 806 Eclesiastica
794 732 937 810 perpetua
961 725 1130 808 Beneficia,
1152 727 1219 812 qni·

224 817 286 882 bus
317 816 489 881 animarum
525 833 597 878 cora
631 813 785 894 imminet,
816 814 860 878 in
882 815 1022 878 Titulum
1060 815 1215 897 conferre,

225 907 323 971 dictos
342 927 404 992 que
418 902 626 988 Presbyterua
653 924 705 964 seu
730 903 875 983 Clericus,
902 902 940 968 de
963 905 1030 968 aliis
1053 897 1216 988 providere

227 996 344 1082 possint
372 1005 401 1059 et
426 991 553 1072 vrvleant3
586 990 624 1056 ad
650 1014 742 1078 quem
767 991 918 1084 effectum,
934 995 998 1060 Nos
1019 993 1093 1078 ipsis
1116 1015 1220 1058 raeces·

225 1085 318 1148 sarias
338 1104 445 1148 omues
460 1092 489 1146 et
511 1092 700 1164 opportunas
718 1082 876 1146 facultates
898 1082 1099 1148 concedimus
1118 1093 1147 1148 et
1161 1084 1225 1146 irn-

224 1175 491 1259 partimur.»-2.
515 1169 689 1234 Avidianlur
705 1171 797 1234 verba
814 1191 934 1258 paragr.
959 1175 991 1254 5,
1013 1173 1047 1256 6,
1067 1174 1104 1254 73⁴
1122 1179 1168 1249 «ᾗ.
1188 1174 1221 1236 b.
1255 1201 1264 1218 τ

223 1263 302 1340 Quia
325 1283 396 1326 vcro
428 1283 462 1322 ex
486 1258 540 1322 hac
564 1260 761 1324 concessione
787 1274 889 1324 nostra
914 1261 1043 1324 minime
1069 1259 1224 1346 sequitur,

225 1352 300 1437 quin
326 1349 492 1436 Regulares
518 1347 655 1432 praedicti
678 1348 781 1434 plures
807 1349 908 1413 adbuc
930 1349 1106 1428 PerochiaS,
1133 1360 1224 1436 atque

225 1439 400 1523 Doctrinae,
428 1439 459 1502 in
496 1436 654 1502 indiarum
685 1436 930 1502 Occidentalium
956 1438 1159 1524 Regionibus,
1197 1449 1226 1504 el

221 1531 264 1598 ,iu
287 1549 418 1616 presens
446 1525 589 1605 relinere,
618 1536 647 1590 et
676 1525 707 1590 in
733 1539 891 1612 posterum
926 1527 1055 1612 adipisci
1092 1527 1224 1612 valcant,

226 1618 351 1686 alin-nde
390 1625 491 1680 autem
525 1615 623 1680 Nobis
653 1617 781 1682 relatum
818 1627 874 1697 est,
909 1618 1076 1681 nonnullos
1114 1617 1224 1702 liujus·
1255 1645 1256 1651 ¹
1321 1670 1325 1679 ,

227 1707 312 1772 modi
347 1705 512 1791 Regulares
537 1705 709 1769 animarum
742 1727 846 1770 curam
884 1715 1055 1772 exercentes
1091 1719 1222 1770 conten·
1305 1735 1308 1742 ·

211 1793 313 1876 idere,
341 1817 372 1859 se
405 1790 577 1878 Episcopis,
601 1799 641 1856 et'
661 1793 838 1860 Ordinariis
866 1797 1034 1874 Locorum,
1065 1797 1099 1858 in
1122 1797 1225 1879 efficio

226 1885 394 1970 officiendo
417 1882 586 1961 dumtaxat,
610 1891 643 1944 ut
669 1883 745 1968 ipsis
778 1883 936 1974 loquatur,
962 1884 1118 1970 subjectos
1145 1907 1222 1964 cssc3

228 1975 301 2038 ideo
328 1976 392 2050 Nos
416 1971 454 2035 ad
485 1993 750 2058 quarumcumque
776 1973 1040 2038 inordinationurn
1077 1973 1224 2060 paericula

174 2145 175 2148 Ἴ
228 2061 402 2146 avertenda,
429 2073 577 2146 recteque
604 2059 775 2147 disciplinae
800 2064 879 2147 leges
901 2061 1076 2126 asserendas
1104 2063 1225 2139 intenti,

230 2153 362 2218 dicimus
395 2159 424 2214 et
460 2151 663 2233 declaramus,
703 2151 882 2238 hujusmodi
916 2151 1084 2238 Regularos
1114 2147 1221 2216 cirrum

229 2241 402 2306 animarum
419 2251 578 2331 gerentes,
616 2240 645 2302 in
688 2241 724 2304 iis
749 2241 888 2326 quidem,
923 2263 991 2326 qne
1033 2253 1226 2304 concernunt

229 2351 337 2398 corum
363 2328 522 2414 Regularis
553 2330 684 2392 lnstitnti
712 2331 949 2413 observantiam,
978 2329 1132 2414 Episcopo
1156 2329 1224 2394 nul·

190 2473 193 2480 .
227 2420 346 2484 latenns
368 2417 522 2505 subjectos
547 2441 622 2497 esse,
650 2417 703 2482 sed
728 2423 749 2482 a
775 2420 837 2500 suis
873 2417 1094 2504 Superioribus
1119 2421 1222 2504 Regn-

226 2509 344 2574 laribus
374 2507 479 2604 quoad
503 2507 565 2572 baec
591 2509 736 2592 privative
767 2509 955 2594 dependere,
982 2511 1017 2578 lu
1050 2508 1087 2570 iis
1102 2517 1220 2585 autern,

226 2621 293 2684 quae
313 2598 359 2663 vel
385 2597 549 2682 adipsum
574 2608 710 2683 spectant
733 2599 908 2663 exercitium
932 2621 1013 2662 curae
1037 2597 1223 2672 animarum,

226 2689 271 2751 vel
294 2688 389 2751 ctiam
415 2685 453 2750 ad
479 2707 590 2756 eornm
623 2689 716 2751 vitam
746 2698 775 2751 et
812 2709 914 2752 mores
942 2687 1119 2774 pertinent,
1159 2689 1258 2769 Nos·

228 2777 363 2862 ipsarum
389 2776 583 2860 presentium
610 2787 716 2840 tenore
749 2776 948 2854 declaramus,
975 2775 1099 2846 eosdem
1119 2779 1220 2860 Regu·
1248 2773 1258 2787 ”

226 2866 303 2928 lares
344 2863 435 2929 ctiam
468 2863 636 2949 Episcopis‚
687 2866 814 2951 aliisque
853 2869 1007 2938 Locorum
1046 2861 1222 2931 Ordinariis

225 2955 380 3040 subjectos
407 2975 482 3032 esse;
510 2952 639 3038 ideoque
661 2953 709 3016 ab.
725 2953 839 3018 eisdem
863 2955 1037 3038 Episcopis,
1061 2963 1091 3016 et
1123 2951 1222 3016 Ordi-

222 3044 329 3128 uariis,
356 3063 525 3128 eorumque
550 3043 781 3124 VisitatoribuS,
811 3065 897 3128 aerpre
920 3065 954 3108 ac
982 3045 998 3104 a
1029 3042 1095 3106 suis
1117 3045 1224 3128 Regu·
1292 3037 1293 3040 '

222 3133 338 3197 laribus
369 3131 600 3217 Superioribus,
628 3132 659 3194 in
689 3131 736 3196 nis
761 3133 907 3196 omnibus
938 3130 1051 3218 corrigi
1077 3142 1221 3214 possunt;

161 3229 162 3234 ’
221 3221 380 3308 siquidem
398 3219 575 3306 imposibile
598 3242 659 3284 non
682 3233 738 3304 est,
771 3233 804 3284 ut
825 3221 957 3308 alicujus
980 3243 1014 3284 ex
1045 3219 1118 3304 ipsis
1152 3220 1223 3284 vilae

223 3311 391 3379 ratiotalis
414 3331 478 3376 esse
510 3309 717 3396 dignoscatur,
745 3333 813 3396 quae
843 3331 914 3376 cum
940 3311 1115 3374 animarum
1141 3310 1222 3393 regi·

222 3401 305 3466 mine
327 3399 454 3464 minime
474 3401 643 3476 conveniat,
663 3411 692 3463 ct
712 3399 873 3466 Fidelibns
894 3400 1050 3466 Parochiae
1073 3396 1221 3475 subditis,

223 3513 236 3554 s
260 3490 379 3553 iritnalc
398 3488 617 3553 detrimentum
651 3501 679 3554 ct
707 3488 895 3552 scandalum.
918 3485 1028 3574 pariat.
1057 3485 1221 3564 Hocidcm,

225 3578 388 3644 uanonicis
416 3579 645 3660 Sanctio'uibus,
673 3587 702 3642 ct
724 3579 852 3642 Coracilii
885 3577 1055 3660 Tridentini
1082 3577 1223 3640 Decretis

225 3667 415 3746 inherentes,
433 3669 498 3753 jam
519 3667 643 3737 dudum
661 3667 823 3731 stalnirnns
839 3678 929 3752 atque
945 3664 1148 3749 decrevimus,
1169 3687 1225 3749 per

228 3766 346 3821 nostras
373 3755 585 3832 subPlnmbo
609 3758 741 3820 Litteras.
760 3756 844 3820 datas
867 3755 1052 3820 duodecimo
1072 3755 1142 3818 Kal.
1166 3757 1226 3818 De·

226 3845 358 3910 cambris
386 3845 467 3924 Anni
495 3848 711 3920 Moccxctv,
735 3867 866 3934 quaerum
901 3845 1022 3916 initium
1052 3856 1110 3907 est:
1149 3843 1223 3907 Fa-

227 3935 362 3999 mandis
381 3944 479 4018 atque
510 3936 697 4011 asserendas,
724 3949 753 3997 et
785 3936 939 4018 impressae
969 3943 1041 3998 sunt
1067 3935 1097 3995 in
1122 3933 1229 3995 Bulla·

226 4026 276 4088 rio
305 4034 408 4088 nostro
445 4023 540 4088 Tamo
562 4021 587 4086 I
602 4045 688 4088 aava.
718 4022 806 4104 CIX,
837 4045 915 4110 qne,
951 4045 1022 4087 cnm
1055 4021 1225 4086 adflndias

230 4115 321 4180 etiam
341 4111 551 4184 onctdcnntes
579 4136 610 4180 se
630 4113 803 4194 ostendant,
828 4111 943 4179 ibidem
967 4133 1090 4200 quoque
1116 4132 1205 4176 cxccu
1222 4143 1236 4159 ·
1292 4133 1295 4140 ’
