2898 4776
254 559 297 621 aa
582 575 826 619 ansrrrurrouun

175 759 177 764 ¹
253 689 390 767 Quilibet
411 697 512 782 potest
533 695 717 770 essenon,
739 687 763 750 si
782 679 920 772 expresso
945 693 1015 777 jura
1035 711 1095 756 non
1122 711 1195 775 pro·

209 777 342 845 bibetur.
373 763 465 843 altare
488 789 590 843 nutem
614 778 762 840 canonico
783 790 925 841 arcentur
950 780 988 843 ab
1008 778 1125 881 egendo
1144 801 1191 844 ea·

206 868 437 946 communicati
466 879 667 953 praeterquam
694 865 724 928 in
750 886 839 928 cansa
862 869 1191 933 excommunicationis

205 977 267 1020 suae
282 968 311 1022 et
323 919 558 1058 appelldtlonls'
551 979 582 1019 m
597 953 716 1053 cadem,
735 963 765 1016 et
784 955 841 1016 nisi
862 957 923 1019 siat
946 971 1063 1022 actores
1080 979 1198 1020 necesa-

205 1045 255 1110 rii.
278 1049 315 1112 Et
328 1046 480 1132 quidem
473 1067 504 1108 m
521 1045 589 1108 aliis
608 1041 706 1108 causis
720 1045 975 1109 excommunicati
997 1069 1057 1110 non
1077 1047 1197 1110 tolerati

206 1134 269 1197 ab
263 1157 329 1220 apso
346 1135 448 1222 judice
464 1131 621 1219 repelendi
637 1142 721 1216 sunt3
734 1133 767 1196 C.
784 1134 1010 1218 Exceptionem
1026 1139 1080 1217 l2,
1094 1135 1150 1202 lib
1162 1140 1197 1211 2,

193 1227 228 1290 't
257 1229 314 1302 25,
342 1224 473 1305 decret.;
500 1223 618 1286 tolerati
640 1183 741 1285 nuteln
775 1241 833 1305 ope
869 1223 974 1288 saltem
1011 1225 1196 1309 exceptionis

208 1326 414 1383 removentur.
440 1275 576 1377 Minores
604 1310 759 1374 decimum
784 1322 927 1395 quartum
960 1316 1053 1376 aetatis
1080 1334 1197 1377 aunum

208 1402 319 1488 egressi
342 1401 371 1464 in
395 1402 493 1465 causis
512 1398 734 1480 ecclesiasticis
759 1421 804 1462 ex.
826 1422 872 1483 gr.
900 1401 1141 1478 beneficialibus,
1163 1417 1197 1464 ac

209 1488 487 1554 matrimonialibus
506 1489 722 1574 admittuntur.
740 1488 913 1572 Religiosus
934 1495 1025 1554 etiam
1047 1491 1079 1554 in
1098 1492 1198 1556 causis

208 1577 356 1665 propriis,
391 1580 482 1643 velati
516 1601 607 1666 saper
648 1576 772 1662 juribus
810 1578 951 1643 beneficii
988 1580 1198 1662 ecclesiastici,

209 1668 292 1753 qaod
317 1668 446 1748 obtinet,
471 1691 528 1734 nee
555 1691 615 1732 non
636 1668 726 1731 etiam
748 1679 853 1732 contra
874 1670 1052 1754 Praelutnm,
1080 1693 1127 1735 ea.
1148 1692 1195 1755 gr.
1244 1745 1247 1749 .

209 1779 248 1820 ne
266 1757 418 1843 ejiciatur,
441 1780 479 1822 ne
494 1758 647 1822 alimentis
666 1756 813 1842 privetur,
834 1778 922 1842 agere
941 1771 1051 1843 potest.
1075 1759 1198 1822 Praelati

209 1845 283 1910 item
305 1857 384 1910 recte
407 1847 558 1912 actionem
580 1857 704 1911 movent
726 1847 791 1910 sine
808 1867 957 1910 consensu
979 1849 1119 1933 capituli,
1140 1847 1197 1910 nisi

208 1945 310 1999 tamen
335 1957 423 2008 carisa
452 1935 488 1998 ud
517 1935 643 2020 capituli
668 1933 965 2000 administrationem
993 1937 1085 2001 simul
1108 1958 1197 2022 spec·
1281 1993 1283 1998 .

208 2034 297 2104 taret,
323 2035 376 2087 aut
399 2025 456 2088 nisi
479 2025 565 2089 valde
584 2023 679 2088 ardna
704 2035 795 2104 essct,
814 2035 868 2096 aut
889 2029 939 2110 jus
963 2026 1117 2111 singulare
1137 2047 1199 2090 non

209 2112 354 2197 obstaret,
384 2116 586 2200 quamobrem
612 2114 693 2177 circa
717 2113 861 2178 Praelntos
888 2114 1041 2200 regulares
1072 2115 1197 2200 propria

209 2200 355 2268 ordinum
373 2213 480 2268 statuta
499 2202 685 2269 observanda
705 2213 808 2276 sunta
829 2204 1012 2287 Veccbiotti‚
1034 2215 1111 2270 tom.
1132 2207 1197 2282 2.0,

209 2291 265 2359 lib.
296 2296 359 2374 la.‚⁰
390 2313 458 2381 cap.
489 2297 540 2360 50
541 2313 718 2380 ,·panngr.
693 2293 801 2358 626.

256 2471 333 2534 «Rei
355 2471 522 2555 generatim
544 2491 651 2536 omnes
675 2492 738 2533 esse
759 2439 888 2555 possunt
906 2471 998 2535 etiam
1023 2493 1200 2535 excommu-

210 2559 315 2636 nicati,
343 2581 381 2623 ne
401 2559 559 2625 videantur
580 2583 613 2624 er
636 2559 761 2646 propria
786 2559 901 2623 mulitia
923 2559 1124 2624 commodum
1150 2581 1200 2624 re·

210 2657 345 2732 portare,
374 2650 511 2734 quamvis
534 2651 565 2713 ia
596 2652 646 2732 jus
679 2647 776 2713 iocati
801 2669 855 2732 per
887 2649 983 2712 alium
1013 2648 1199 2736 respondere
1298 2673 1302 2686 ¹

211 2747 335 2821 queant,
362 2759 432 2824 cap.
455 2738 541 2803 'lde
566 2736 706 2803 Judiciis.
735 2737 872 2803 Minores
897 2739 970 2804 item
1003 2739 1082 2804 sicut
1110 2760 1200 2826 agere

212 2825 243 2888 in
277 2825 389 2889 causis
405 2827 628 2912 spiritualibus,
659 2826 700 2889 ita
730 2837 759 2890 et
790 2831 934 2894 conventi
969 2850 1001 2892 se
1032 2826 1198 2892 defundere

210 2925 349 3016 possunt.
380 2918 525 2982 Mulieres
553 2927 655 2981 autem
682 2917 714 2979 in
743 2919 842 2982 causis
874 2917 1015 2982 civilibus
1042 2916 1081 2980 ad
1110 2916 1197 3018 judi·

211 3005 294 3067 cium
321 3007 543 3090 compellenda
575 3028 637 3071 non
672 3016 753 3082 sunt,
784 3017 817 3070 ut
852 3028 884 3070 se
909 3006 1110 3092 personaliter
1141 3005 1200 3070 sis·

208 3104 288 3170 tant,
319 3115 386 3178 cap.
413 3099 446 3159 2.
474 3095 511 3160 de
535 3094 638 3160 Jndic.
673 3096 705 3158 in
734 3098 768 3179 63
794 3095 820 3159 si
846 3105 948 3160 tamen
975 3095 1086 3159 malint
1122 3117 1196 3181 per·

212 3181 356 3246 sonaliter
381 3204 478 3267 agere,
507 3195 651 3268 poterunt
674 3196 704 3248 et
731 3184 927 3270 respondere.
955 3183 1013 3248 Sed
1041 3185 1199 3249 incensis

212 3270 425 3336 criminalibus
449 3285 574 3358 propter
597 3295 682 3338 sexus
705 3271 921 3338 verecundiam
950 3287 978 3336 et
1002 3273 1200 3358 fragilitatem

212 3371 350 3423 vetentur
368 3382 469 3446 agere,
492 3384 543 3426 scu
567 3383 722 3443 accusare,
745 3361 803 3425 nisi
824 3383 910 3425 suam
936 3364 982 3427 vel
1006 3384 1134 3426 suorum
1155 3365 1202 3426 in·

210 3447 324 3534 jurium
360 3463 595 3537 prosequantur,
620 3460 672 3515 aut
702 3450 826 3536 publica
854 3451 967 3516 utilitas
1001 3450 1030 3514 id
1053 3453 1199 3536 postulet,
1286 3465 1288 3471 ’

212 3547 264 3601 a'ut
284 3560 372 3604 causa
397 3542 463 3626 ejus
491 3541 610 3626 generis
639 3540 691 3618 sit,
724 3552 758 3608 ut
785 3543 977 3643 corporalem
1006 3543 1197 3625 praesentiam

213 3627 329 3712 exigere
353 3628 502 3694 videatur.
533 3632 648 3694 Verum
674 3629 698 3691 si
723 3628 882 3693 atrocioris
907 3629 1038 3710 alicujus
1060 3631 1201 3694 criminis

214 3737 272 3780 reae
287 3716 348 3780 sint
352 3729 585 3819 ‚repugnantes
603 3717 695 3784 etiam
720 3729 749 3782 et
769 3717 869 3784 invitae
889 3719 919 3781 in
943 3719 1099 3806 judicium
1118 3719 1200 3785 trabi

214 3813 353 3891 possunt
360 3831 381 3868 66
403 3805 595 3888 Vecchiotti‚
598 3807 709 3876 16666.
735 3810 853 3876 Canon.
878 3812 967 3873 Tom.
992 3812 1045 3875 2.0
1071 3806 1128 3874 lib.
1149 3812 1201 3874 60
1256 3825 1259 3830 ·

215 3915 283 3979 cup.
314 3899 366 3964 50
392 3919 529 3980 parrega.
555 3859 612 3962 2'7

244 3985 418 4050 'ludicium
441 3984 588 4051 dividitur
614 3987 729 4050 ratione
750 4008 847 4050 66666
874 3987 1049 4069 ellicientiS,
1079 3989 1198 4051 ratione

215 4093 312 4139 cause
335 4073 446 4162 finalis,
475 4075 590 4139 ratione
613 4097 711 4140 causae
735 4075 910 4156 materialis,
938 4087 966 4141 et
989 4077 1106 4140 ratione
1132 4075 1197 4140 lor-
