2898 4776
631 573 854 618 canonicarum
1148 554 1192 616 25

249 685 449 774 ydoctrinas·
477 685 731 754 revelacionarias
755 687 794 752 de
816 687 863 752 los
890 685 1021 774 tiempos
1051 684 1232 762 modernos,

170 849 172 856 χ
247 797 290 840 no
318 798 426 842 menos
453 799 512 866 que
535 775 573 841 de
596 777 625 842 la
650 777 764 843 abiecta
796 775 959 841 hostilidad
988 776 1017 839 el
1044 775 1233 839 catolieismo

248 863 330 950 yda
354 866 384 929 la
409 864 605 952 reaparlcidn-
621 865 672 932 del
700 867 890 953 paganismo.
922 869 1002 930 Pero
1032 872 1138 929 contra
1170 867 1235 928 estu

248 953 360 1018 deberi
392 963 508 1019 tenerae
535 965 674 1041 presente
701 977 762 1042 que
794 956 821 1020 el
851 954 962 1041 eddigo
993 953 1186 1021 Teodosiano
1215 976 1237 1040 y

248 1043 277 1106 el
298 1042 336 1107 de
359 1044 532 1108 Justinianu
555 1065 596 1110 no
621 1067 693 1109 eran
715 1049 862 1132 paganos,
887 1067 905 1130 y
930 1063 989 1130 que
1003 1043 1040 1108 *la
1065 1041 1171 1130 lglesia
1195 1042 1234 1106 ha

249 1131 396 1217 aceptado
422 1155 441 1219 y
470 1144 574 1218 acepta
600 1155 651 1198 sus
675 1133 829 1198 doctrinas
850 1155 899 1198 ‘en
929 1132 1060 1201 muclros
1087 1152 1172 1196 casos
1195 1153 1234 1194 en

248 1219 294 1283 las
323 1219 402 1306 loyes
426 1244 486 1308 que
511 1221 602 1288 llama
626 1224 846 1298 canoniaadae
869 1244 954 1287 cosas
978 1244 1037 1309 que
1064 1243 1104 1286 no
1125 1219 1164 1283 ha
1190 1230 1237 1283 te·

249 1308 324 1374 nido
346 1332 383 1374 en
409 1321 516 1374 cuenta
541 1312 569 1375 el
597 1311 724 1376 esuritor
758 1313 912 1378 frances.»
943 1312 1071 1391 Salanar,
1104 1308 1234 1394 Discipl.

231 1399 423 1484 ἸΕεείεείεεῑ.
449 1403 538 1466 Τοῐε.
566 1406 630 1476 l.⁰‚
663 1400 813 1466 lecciones
839 1405 901 1483 lest,
926 1404 982 1465 55.

292 1491 366 1552 'l'res
391 1489 483 1576 igitur
515 1498 585 1554 sunt
610 1511 749 1575 personae
779 1489 952 1556 essentiales
981 1488 1103 1576 judicii:
1137 1493 1233 1566 actor,

250 1576 302 1661 qui
329 1576 464 1664 aliquem
487 1577 520 1642 in
537 1577 691 1665 judicium
714 1591 813 1658 rocat3
841 1601 920 1659 reus,
949 1579 1058 1666 quiin
1082 1575 1238 1664 judicium

130 1705 144 1750 ¹-
248 1675 386 1746 vocatum
406 1665 511 1754 judex,
527 1689 632 1732 coram
647 1689 709 1758 quo
731 1668 916 1753 disputatur,
941 1668 994 1753 qui
1016 1667 1138 1752 utrique
1160 1665 1240 1752 parti

246 1754 298 1838 jus
313 1753 443 1840 dieit‚et
457 1759 545 1842 cujus
556 1755 680 1822 decreto
696 1779 744 1821 res
756 1757 939 1822 absolvenda
955 1769 984 1822 et
995 1753 1168 1822 delinienda
1183 1766 1238 1820 est.

292 1843 390 1909 lodex
411 1856 465 1908 est:
491 1845 679 1930 ordinarius,
705 1847 730 1911 si
757 1847 874 1914 ratione
899 1844 1119 1934 dignitatisvel
1140 1841 1237 1908 oflicii

248 1934 368 2018 proprii
387 1932 635 2021 jurisdictionem
664 1934 769 2021 habet3
792 1935 959 2024 delegatus,
981 1935 1006 2000 si
1029 1955 1095 1999 eam
1118 1932 1157 1996 ab
1187 1954 1239 1996 or-

249 2020 370 2088 dinario
393 2023 499 2109 judice
522 2025 646 2110 accipit.
673 2024 856 2090 Ordinarius
881 2035 981 2110 potest
1007 2045 1128 2110 semper
1150 2022 1238 2087 dele·

250 2132 334 2196 gare,
354 2111 412 2176 nisi
432 2111 517 2178 aliud
543 2117 558 2177 a
584 2115 650 2200 lege
673 2115 824 2180 sancitum
848 2113 899 2180 eit.

231 2223 233 2226 ·
292 2199 456 2288 Delegetus
481 2213 661 2289 potestesse
684 2197 723 2268 ad
748 2203 974 2268 universitatem
1007 2223 1181 2280 causarum,
1206 2199 1238 2263 id

249 2300 293 2352 cat
312 2287 350 2353 ad
377 2311 487 2367 unum,
505 2291 559 2356 sed
577 2302 690 2367 totum,
718 2311 813 2379 genus
838 2311 1012 2376 causarum3
1036 2289 1080 2356 rel
1112 2289 1150 2353 ad
1179 2289 1238 2352 ali-

249 2399 341 2462 quam
365 2401 416 2444 seu
442 2381 559 2466 aliquas
579 2382 724 2466 speciales
743 2392 773 2446 et
791 2380 1006 2446 determinatas
1024 2400 1142 2444 causas.
1163 2378 1235 2442 Pri·

249 2487 331 2547 mus,
352 2469 408 2533 nisi
432 2469 517 2535 aliud
543 2481 671 2551 constet,
703 2470 901 2556 subdelegare
929 2477 1042 2554 potest.
1071 2467 1158 2532 Idem
1186 2466 1236 2530 di·

223 2603 226 2612 ,
249 2556 381 2622 cendum
406 2557 444 2623 de
466 2558 582 2646 judice,
608 2561 662 2646 qui
683 2561 799 2646 accepit
821 2558 1043 2646 delegationem
1059 2561 1078 2624 a
1095 2560 1237 2622 Romano

248 2645 411 2712 Pontifioe.
430 2649 805 2735 Generaliterluquendo,
827 2647 977 2736 delegatio
986 2648 1115 2732 *expirat
1131 2655 1240 2712 'morte

249 2733 428 2821 delegantis3
455 2738 480 2800 si
501 2747 603 2805 tamen
623 2737 777 2824 judicium
800 2739 956 2825 inceptum
982 2747 1026 2800 est
1046 2741 1063 2800 d
1084 2736 1235 2821 delegato,

250 2822 359 2898 idest,
390 2825 415 2888 si
442 2824 541 2889 adfuit
571 2827 632 2890 litis
662 2828 841 2893 contestatio
872 2837 924 2891 aut
947 2826 1064 2912 citatio,
1101 2824 1238 2911 sequitur

249 2911 436 2996 jurisdictio.

293 3001 450 3088 Delegatio
480 3015 534 3069 ast:
560 3003 742 3089 personatis,
766 3004 791 3067 εἰ
817 3004 928 3068 intuitu
948 3023 1099 3090 perscuae3
1134 3002 1240 3075 realis,

249 3090 274 3152 si
298 3090 437 3176 dignitati
461 3094 675 3159 committitur.
703 3093 805 3158 Prima
830 3094 945 3179 expirat
967 3100 1066 3157 morte
1094 3089 1239 3177 delegati3

249 3201 312 3244 non
330 3203 400 3246 vero
423 3181 569 3246 secunda.
600 3185 719 3247 Dantur
743 3181 948 3269 delegationes
973 3181 1129 3269 generales
1155 3184 1253 3244 Pon-v

248 3267 351 3334 tillcioe
367 3272 412 3336 vel
435 3270 647 3336 Consiliorum
674 3274 877 3356 generalium,
904 3273 1009 3358 quales
1033 3280 1103 3334 sunt
1122 3291 1238 3355 quaeex

248 3358 426 3424 Tridentina
446 3359 569 3447 Synodu
592 3381 647 3446 per
665 3360 864 3425 determinata
890 3361 1011 3426 decreta
1036 3370 1066 3422 et
1088 3357 1237 3422 determi-

249 3447 328 3513 natis
351 3449 471 3514 casibus
498 3450 655 3535 Epicopis,
678 3460 823 3536 tanquam
848 3451 1032 3536 Apostollnae
1054 3447 1142 3512 Sedis
1156 3446 1238 3511 dele·

249 3538 338 3620 gatis,
355 3538 527 3604 commisse
548 3551 631 3603 sunt:
653 3538 699 3604 lue
715 3539 919 3626 delegationcs
939 3560 1003 3604 non
1026 3547 1184 3601 transeunt
1200 3535 1239 3602 ad

250 3627 406 3702 vicarium
431 3628 602 3713 generalem
623 3626 652 3692 ri
672 3629 822 3713 generalis
844 3627 994 3714 mandati,
1021 3647 1089 3706 nec,
1115 3636 1239 3691 vacante

251 3715 340 3797 Sede,
362 3717 401 3781 ad
424 3717 603 3802 ¹Capitulum
631 3714 845 3784 devolvuntur.

276 3805 464 3907 'Episcopus
487 3817 531 3872 aet
560 3805 652 3893 judex
676 3806 822 3893 proprius
846 3817 876 3872 et
911 3804 1087 3872 ordinarius
1118 3805 1152 3869 in
1174 3814 1238 3870 tota

252 3893 489 4139 ἶιῗεῐῖεὺίἱῑξε,
505 3983 599 4071 pactis
610 3993 639 4049 et
659 3983 913 4052 mansuetionihua
928 3985 1117 4074 apitductor
1134 3981 1189 4049 lib.
1203 3984 1236 4046 5.

279 4086 316 4142 u.
386 4124 395 4156 ,
463 4119 471 4138 .
