2924 4770
239 469 310 533 ldll
565 491 812 536 tusrrrttrtonuor

190 605 384 705 quacumque
410 604 668 706 denominatione,
696 617 724 669 et
748 606 928 690 omnesqui
955 604 1109 691 praedictis
1134 629 1190 674 no·

194 691 316 755 minatis
335 693 377 757 vel
384 693 585 778 praesentatis
606 693 826 767 obedientiam
841 695 1000 773 auxilium,
1023 698 1189 762 consilium

195 781 239 846 rel
278 767 409 846 savorem
446 794 603 868 praestant,¹
631 783 978 850 excommunicationem
1013 797 1193 852 reservatam

196 871 328 956 speciali
352 872 446 936 niodo
469 874 642 938 incurrunt.

241 950 413 1045 Insuper'
391 984 434 1026 stc
465 961 615 1026 nominati
642 971 694 1024 aut
720 961 909 1044 praesentati,
941 964 965 1026 si
996 976 1082 1028 antea
1113 975 1199 1029 erant

195 1049 352 1134 Episcopi,
384 1052 622 1136 suspensionem
641 1055 664 1113 a*
682 1049 915 1114 Pontifiralibus
946 1064 978 1116 et
997 1051 1198 1116 interdictum

190 1137 234 1200 ab
255 1137 376 1222 inpressu
395 1141 528 1204 ecclesias
552 1140 619 1224 ipso
644 1149 733 1214 pacto
761 1137 932 1202 incurrunt.

239 1227 378 1314 Denique
414 1233 445 1292 S.
469 1233 601 1292 Carolus
629 1231 815 1292 Boriomens
839 1227 891 1292 luas
923 1229 1198 1294 dictabatclericis

183 1316 326 1402 caprulas.
352 1318 418 1398 Qui
439 1321 502 1383 Deo
519 1318 640 1394 militat,
672 1317 830 1402 implicare
851 1341 881 1380 se
904 1320 1030 1403 negotiis
1049 1321 1198 1383 saeculari-

197 1405 255 1470 bus
278 1407 471 1490 prohibetur,
492 1395 607 1472 idcirco
626 1405 788 1470 edicimus
810 1409 854 1470 Ne
872 1408 1008 1472 Clericus
1027 1410 1120 1471 sactis
1136 1409 1198 1469 ini-

194 1495 305 1576 tiatns,
319 1507 372 1558 aut
393 1497 605 1562 Ecclesiastico
629 1495 778 1560 benelieio
795 1495 952 1598 praeditas,
976 1519 1081 1562 eoram
1098 1497 1210 1583 judice·

197 1585 334 1648 saecurari
358 1584 514 1689 aduocati,
529 1597 580 1648 ant
599 1584 810 1649 Procuratoris
835 1586 961 1648 nomine
988 1609 1094 1650 esrrsas
1119 1599 1206 1674 agat.

196 1674 253 1736 nisi
284 1673 323 1762 ab
348 1675 447 1737 aliis
440 1699 471 1740 tn
499 1674 652 1761 iudicium
687 1685 819 1749 vocatas,
850 1697 950 1752 snam,
979 1677 1024 1740 tel
1052 1675 1199 1738 Ecclesiae

195 1783 256 1825 ΓΓΓ
282 1757 528 1850 propinquorum
557 1764 661 1839 etiam,
684 1763 708 1826 si
739 1785 857 1826 necesse
880 1765 949 1847 ΓΓΓΓ,
983 1777 1011 1827 et
1040 1763 1199 1828 miserabi-

196 1851 273 1950 lipm
297 1875 497 1938 personarum
521 1875 639 1932 causas,
667 1851 712 1914 ab
738 1852 907 1938 Episcopo,¹
925 1816 1071 1918 facultate
1097 1853 1200 1938 pricos

123 1981 124 1988 Γ
200 1932 314 2026 sdripto
352 1963 509 2025 concessa,
536 1953 669 2008 tueatur.
1162 1963 1167 1980 ¹

239 2032 365 2093 -Ne
359 2052 389 2093 ΓΓΓ
420 1994 589 2116 propltauis
617 2028 746 2114 negotiis
773 2029 913 2093 cilicium
940 2031 1103 2094 tabelloois
1120 2053 1202 2093 erer-

198 2122 373 2186 eeat.-Ne=
390 2133 485 2184 artem
506 2118 651 2184 medendi
671 2117 867 2184 faciatt-Ne
885 2120 916 2180 in'
932 2119 1209 2205 negotiationibus,
1237 2192 1240 2193 ⁷

198 2221 227 2271 et
249 2211 427 2274 mercatoris
453 2233 484 2274 se
512 2209 722 2293 interpretem,
743 2219 772 2270 et
804 2208 941 2272 medium
965 2211 1201 2294 interponat-

199 2295 442 2384 Negotiation'em
480 2299 571 2362 etiam
603 2297 705 2372 onmis
732 2299 850 2382 generis
888 2301 1017 2363 omniuo
1053 2298 1200 2382 prohibe·

198 2394 422 2464 mus-Artes
436 2411 512 2452 vcro
536 2386 914 2468 honestasconced'imus,
933 2398 965 2449 ut
988 2387 1115 2472 aliquod
1137 2407 1204 2450 nsa-

199 2477 290 2540 nibus
320 2479 383 2540 suis
403 2479 547 2554 lueretur,
575 2497 637 2562 quo
661 2474 720 2539 sibi
726 2475 882 2560 ,qnaead
895 2477 1007 2541 victum
1035 2477 1207 2542 neccssaria-

199 2579 270 2628 snnt
293 2588 473 2652 comparrare
498 2565 602 2650 possut
607 2567 697 2628 -Ne
726 2526 827 2628 aliena
862 2565 973 2650 praedia
1011 2567 1211 2628 lucricausa

201 2653 363 2718 conducat.
368 2659 462 2722 ——Ne
476 2655 610 2721 aliorum
637 2654 778 2727 tutelam,
804 2665 856 2715 aut
889 2677 976 2718 curras
1001 2648 1156 2738 suscipiat.
1166 2689 1203 2700 -

199 2746 244 2806 Ne
274 2765 331 2828 pro
353 2744 420 2807 aliis
442 2743 657 2830 fidejubeat-
628 2745 710 2807 -Ne
745 2743 876 2844 alicujus
905 2743 1068 2828 Principis,
1088 2755 1161 2808 ant
1156 2743 1203 2803 al-

199 2833 293 2896 terius
312 2835 510 2918 negotiorum.
527 2845 708 2918 procurator
733 2833 784 2916 sit,
803 2833 868 2894 sine
887 2832 1030 2896 factaltate
1049 2833 1088 2894 ab
1117 2831 1212 2916 Epis·-

200 2944 284 3007 copo·
300 2925 385 3008 prius
411 2944 464 3008 per
490 2923 605 2998 litteras
638 2923 810 3006 impetrata,
842 2922 970 3006 siugulis
998 2922 1086 2984 annis
1118 2942 1203 2984 reno·

141 3013 142 3018 ’
200 3013 439 3079 vande—Neve
457 3033 567 3096 parum
590 3033 709 3075 memor
736 3011 880 3086 Ordines,
899 3032 933 3074 ac
948 3010 1104 3098 dignitatis
1128 3031 1210 3086 suae,

203 3103 242 3164 sit
274 3103 305 3164 in
334 3101 484 3164 famulatu
519 3100 679 3182 laicorum,
712 3101 806 3163 etiam
836 3101 1025 3184 principum,
1059 3119 1203 3162 eorumve
1247 3107 1248 3112 ’

201 3190 362 3292 qpibusvis
383 3192 450 3254 aliis
481 3189 655 3274 obsequiis,
680 3188 738 3252 nisi
760 3192 809 3253 cui
836 3211 994 3264 excausa,
1025 3201 1054 3251 et
1076 3187 1202 3251 adolii--

203 3279 300 3360 cium,
326 3278 511 3344 sacerdotali
528 3301 656 3342 monere
676 3300 736 3342 non
763 3278 936 3363 indignum,
957 3278 1126 3362 Episcopus
1144 3277 1203 3338 luu-

198 3373 249 3456 jos
272 3370 313 3432 rei
332 3380 511 3454 potestatem
526 3380 595 3431 ante
614 3368 730 3452 scripto
696 3367 872 3431 tolerarit
892 3366 1076 3447 Huiusmodi
1102 3377 1213 3428 antem„

205 3459 334 3522 licentiae
353 3458 467 3542 scripto
484 3459 639 3559 permissa
655 3456 820 3543 quotannis
851 3467 1046 3519 renoventur:
1068 3455 1212 3542 alioquin

204 3548 306 3623 irritat,
340 3549 489 3612 acnnllae
515 3548 589 3610 sint.

245 3639 526 3722 Nevepraecnrsor,
549 3648 604 3700 aut
621 3635 732 3698 assecla
754 3633 960 3717 faeminarum,
989 3646 1043 3698 ant
1068 3633 1118 3696 eis
1139 3618 1203 3694 dis-

202 3725 420 3790 cumbentibus
443 3725 580 3808 adsistat,
619 3735 670 3786 aut
698 3723 874 3789 ancilletur.

245 3815 304 3892 Qui
329 3827 429 3880 autem
450 3813 628 3901 hujusmodi
650 3815 804 3878 saecularia
826 3813 943 3914 negotia
970 3809 1135 3874 exercenda
1157 3807 1205 3870 ΓΓ-

202 3907 358 3985 cultatem,
376 3926 427 3968 seu
446 3903 705 3988 dispensationem
724 3905 905 3990 impetrarit,
920 3902 949 3965 in
955 3913 998 3964 tra
955 3899 1098 3964 tdaos
1118 3921 1206 3962 men-

204 4013 249 4060 ΓΓΓ
268 3956 423 4080 Episcopo
436 3993 587 4060 cullibet-‚t
