2938 4770
236 530 305 592 d02?
566 545 810 588 rusrrrurrouuru

188 661 291 740 solum
319 681 413 747 quern
432 659 473 724 eb
490 681 526 724 eo
556 669 655 742 potest
677 671 707 722 et
732 658 822 725 debet
846 660 1001 748 requirere
1040 655 1117 724 eder
1138 682 1186 726 se·

188 747 488 815 orodonordinem
508 748 599 835 juris:
626 753 696 833 putd
720 770 791 812 curn
812 749 969 835 precessit
986 684 1111 814 inieniie
1134 772 1187 814 su·

190 862 244 925 per
272 837 397 924 aliquod
421 839 562 918 crimine,
589 839 636 902 rel
657 837 758 922 diique
787 860 924 923 expresse
950 837 1068 926 judicie
1090 859 1186 924 oppe-

191 937 327 1002 ruernnt,
346 929 390 990 rel
408 928 500 991 etiem
527 947 600 990 cunr
616 927 773 1010 precessit
786 927 1112 1014 probetioeernipiene
1127 929 1187 1014 (d).

190 1018 372 1086 Felsitetern
394 1027 496 1080 tenren
521 1037 693 1101 proponere
717 1016 748 1078 in
779 1017 956 1080 nuliocosu
990 1018 1059 1081 iicet
1082 1015 1186 1080 alicui.

189 1105 235 1174 Ad
261 1105 297 1172 id
312 1115 414 1170 nutem
439 1103 523 1190 qnod
545 1103 670 1168 licitum.
687 1115 742 1187 est,
769 1116 868 1190 potest
889 1106 1000 1192 aliquio
1025 1103 1190 1190 procedere

190 1196 241 1262 ret
265 1217 320 1281 per
344 1195 408 1258 ries
433 1194 542 1267 liciter,
574 1206 603 1256 et
633 1193 688 1258 fini
714 1194 839 1258 intento
855 1194 1080 1272 accommodes,
1105 1193 1190 1280 quod

189 1285 328 1372 pertinet
351 1282 394 1347 ad.
411 1282 619 1367 prudentiem3
643 1285 686 1346 rel
712 1304 767 1368 per
788 1284 911 1370 aliquae
925 1285 986 1347 ries
1007 1283 1139 1366 iiiicitus,
1161 1293 1191 1346 et

188 1374 349 1460 preposito
376 1370 431 1434 [ini
465 1373 661 1457 incongruus,
686 1372 777 1458 quod·
802 1373 935 1458 pertinet
963 1372 1001 1436 ud
1027 1373 1186 1455 ectutienr,

190 1485 258 1550 quae
282 1471 436 1528 exercetur
465 1483 518 1546 per
543 1460 683 1524 fraudem
712 1471 741 1524 et
764 1460 884 1542 dotum,
909 1473 942 1524 ut
962 1483 996 1526 ex
1025 1461 1188 1548 supradic-

189 1554 228 1616 tis
256 1561 341 1638 putet
364 1555 482 1635 (qrraeet.
511 1552 575 1626 LV,
606 1560 665 1614 ert.
696 1551 724 1614 e
747 1561 776 1616 et
808 1553 852 1636 5).
880 1553 1021 1628 Quorum
1051 1551 1190 1636 primum

192 1652 237 1706 est
265 1638 434 1723 leudubiie-¹
460 1637 632 1704 seeundum
663 1659 734 1703 rere
763 1637 921 1708 vitiosum.
953 1641 1004 1704 Sic
1034 1662 1107 1726 ergo
1138 1661 1190 1704 reo

139 1769 145 1780 ·
192 1731 245 1818 qni
263 1739 433 1804 recusatur,
456 1729 528 1792 licet
546 1749 578 1792 se
605 1725 783 1812 defendere,
811 1729 967 1794 ueritatem
993 1727 1189 1807 occultando,

190 1841 291 1906 quarn
313 1817 455 1882 confiteri
483 1840 544 1881 nou
574 1826 706 1894 tenetur,
742 1839 796 1903 per
827 1819 947 1904 aliquus
976 1819 1191 1883 convenientes

192 1908 315 1991 modos,
334 1912 410 1992 putri.
430 1906 456 1970 ei
476 1928 538 1970 non
567 1905 748 1991 responderit
768 1905 900 1993 adque
920 1907 1105 1992 respendere
1130 1922 1192 1970 nort

192 2007 324 2062 tenetur.
359 1999 425 2060 Hoc
454 2005 555 2058 eutem
587 2016 646 2060 non
673 2007 716 2077 est
744 1996 934 2060 eulurnuiose
959 2019 990 2060 ee
1014 1995 1190 2070 defendere,

192 2087 252 2150 sed,
275 2084 372 2170 magis
400 2084 568 2169 prudenter
595 2083 733 2152 erodere.
766 2087 835 2150 Nou
862 2097 963 2149 autern
992 2083 1064 2150 lieet
1093 2085 1119 2148 ei
1144 2085 1190 2146 rel

192 2175 363 2249 ieisitetem,
389 2172 504 2252 dicere,
534 2174 579 2238 rei
609 2175 773 2238 veritatem¹
801 2186 899 2238 tacere
919 2177 1032 2260 'queue
1050 2172 1192 2238 confiteri
1302 2183 1305 2188 '

194 2275 327 2345 tenetur,
354 2285 458 2350 neque·
479 2262 578 2326 etiem,
596 2263 735 2348 eliquern
759 2262 874 2328 dolum.
893 2264 938 2327 vel
971 2262 1112 2326 fraudem
1139 2260 1195 2324 ud·
1226 2345 1229 2350 ἡ

106 2417 109 2422 .
193 2353 319 2432 hibere,
345 2353 416 2440 quin
447 2352 531 2416 irrue
560 2361 589 2416 ct
618 2350 708 2416 dous
736 2353 797 2416 virn
826 2351 984 2419 mendacii
1010 2352 1135 2436 hebent3
1166 2360 1201 2416 et,

194 2443 253 2508 hoc
275 2454 319 2508 est
340 2441 529 2507 calumniose
552 2463 584 2506 se
609 2439 817 2506 defenderer.

648 2661 746 2802 ιιι.Ι

238 2885 287 2954 Ad
326 2885 438 2950 forurn
462 2896 627 2952 externum·
654 2885 801 2974 praedictn
824 2886 987 2974 pertinent:
1025 2885 1085 2963 Qui
1112 2908 1194 2962 rere,

195 2988 279 3040 rotor
310 2976 357 3040 vel
389 2973 493 3062 judex,
523 2976 647 3043 eludere
677 2978 749 3042 velit
778 2978 938 3041 anathema
967 2975 1107 3060 Domini,
1142 2975 1196 3061 qui

195 3063 486 3150 ipsasmet‘juetitius
505 3066 676 3151 jubicabit„
692 3068 724 3131 in
747 3067 945 3153 sequentibus
967 3066 1050 3131 velut
1073 3065 1104 3127 in
1124 3086 1194 3149 spe·

196 3156 267 3218 culo
291 3176 356 3218 sese
382 3153 533 3239 inspicere
553 3155 655 3224 debet.

242 3242 408 3308 Decretelie
427 3254 507 3306 ertre
531 3245 569 3310 de
590 3246 740 3327 Simouie,
763 3265 832 3329 cap.
856 3243 950 3327 Licet,
973 3242 1037 3306 here
1058 3240 1196 3326 praescri·

195 3333 252 3398 bit:
281 3331 412 3396 «Tribus
429 3331 530 3397 modis
554 3335 584 3398 in
606 3333 799 3398 criminibus·
815 3332 938 3418 procedi
963 3341 1073 3418 potest:
1095 3330 1196 3415 primo

194 3444 250 3508 per
274 3422 518 3508 inquisitionem,
545 3444 643 3509 quent
663 3423 755 3488 debet
777 3421 951 3508 precedere
976 3421 1112 3484 clamore
1146 3419 1198 3482 in·

195 3511 346 3591 sinuatio,
378 3533 454 3598 quae«
477 3513 580 3577 locum
613 3512 817 3578 accusationis
851 3523 944 3597 tenet;
977 3507 1113 3574 secundo
1145 3529 1199 3593 per

194 3601 432 3677 accusationem,
455 3623 549 3688 quern
576 3599 666 3665 debet
699 3601 870 3687 precedere
898 3600 1033 3685 legitime
1060 3598 1195 3682 inscrip-

195 3691 252 3770 tio;
284 3692 373 3754 tertio
400 3712 455 3776 per
479 3689 756 3774 denuntiationem,
787 3713 881 3778 quam
911 3689 1002 3754 debet
1024 3686 1198 3774 proeeedere

196 3778 331 3843 fraterne
357 3778 545 3845 eorrectio.»
585 3827 586 3834 ,

230 3993 268 4064 (t)
308 3991 479 4064 Semiplena
500 3992 628 4063 probatio
649 4002 691 4050 est
711 3991 1017 4057 testimoninmruniue
1039 3988 1130 4053 testis,
1147 4001 1200 4043 oue

187 4075 239 4144 jus
263 4065 375 4120 dietum
405 4065 760 4137 intirmeriznonpotest..
940 4078 942 4082 ·
