<?xml version="1.0" encoding="UTF-8"?>
<!DOCTYPE html PUBLIC "-//W3C//DTD XHTML 1.0 Transitional//EN"
    "http://www.w3.org/TR/xhtml1/DTD/xhtml1-transitional.dtd">
<html xmlns="http://www.w3.org/1999/xhtml" xml:lang="en" lang="en">
 <head>
  <title>
</title>
<meta http-equiv="Content-Type" content="text/html;charset=utf-8" />
  <meta name='ocr-system' content='tesseract 3.04.00' />
  <meta name='ocr-capabilities' content='ocr_page ocr_carea ocr_par ocr_line ocrx_word'/>
</head>
<body>
  <div class='ocr_page' id='page_1' title='image "./institutioncano00gomegoog_0058.png"; bbox 0 0 2898 4776; ppageno 0'>
   <div class='ocr_carea' id='block_1_1' title="bbox 639 581 1207 666">
    <p class='ocr_par' dir='ltr' id='par_1_1' title="bbox 639 581 1207 666">
     <span class='ocr_line' id='line_1_1' title="bbox 639 581 1207 666; baseline 0.009 -25"><span class='ocrx_word' id='word_1_1' title='bbox 639 597 866 666; x_wconf 73' lang='lat' dir='ltr'>canonicarum</span> <span class='ocrx_word' id='word_1_2' title='bbox 1136 627 1142 639; x_wconf 88' lang='lat'><strong><em>.</em></strong></span> <span class='ocrx_word' id='word_1_3' title='bbox 1161 581 1207 646; x_wconf 74' lang='lat'>35</span> 
     </span>
    </p>
   </div>
   <div class='ocr_carea' id='block_1_2' title="bbox 187 703 1262 1606">
    <p class='ocr_par' dir='ltr' id='par_1_2' title="bbox 187 703 1262 1606">
     <span class='ocr_line' id='line_1_2' title="bbox 257 703 1256 802; baseline 0.003 -24"><span class='ocrx_word' id='word_1_4' title='bbox 257 724 350 802; x_wconf 88' lang='lat' dir='ltr'>prout</span> <span class='ocrx_word' id='word_1_5' title='bbox 369 711 445 780; x_wconf 85' lang='lat' dir='ltr'>alias</span> <span class='ocrx_word' id='word_1_6' title='bbox 465 720 624 792; x_wconf 88' lang='lat' dir='ltr'>statutum,</span> <span class='ocrx_word' id='word_1_7' title='bbox 648 713 866 800; x_wconf 90' lang='lat' dir='ltr'>decretumque</span> <span class='ocrx_word' id='word_1_8' title='bbox 887 703 942 800; x_wconf 88' lang='lat' dir='ltr'>per</span> <span class='ocrx_word' id='word_1_9' title='bbox 962 711 1025 778; x_wconf 91' lang='lat' dir='ltr'>Nos</span> <span class='ocrx_word' id='word_1_10' title='bbox 1043 712 1116 794; x_wconf 83' lang='lat' dir='ltr'>luit,</span> <span class='ocrx_word' id='word_1_11' title='bbox 1139 723 1201 779; x_wconf 89' lang='lat' dir='ltr'>tam</span> <span class='ocrx_word' id='word_1_12' title='bbox 1223 715 1256 781; x_wconf 94' lang='lat' dir='ltr'>in</span> 
     </span>
     <span class='ocr_line' id='line_1_3' title="bbox 256 801 1257 892; baseline 0 -24"><span class='ocrx_word' id='word_1_13' title='bbox 256 803 420 892; x_wconf 86' lang='lat' dir='ltr'>praecitatis</span> <span class='ocrx_word' id='word_1_14' title='bbox 447 803 559 868; x_wconf 88' lang='lat' dir='ltr'>nostris</span> <span class='ocrx_word' id='word_1_15' title='bbox 579 801 713 890; x_wconf 76' lang='lat' dir='ltr'><strong>Litteris,</strong></span> <span class='ocrx_word' id='word_1_16' title='bbox 736 825 829 889; x_wconf 86' lang='lat' dir='ltr'>quam</span> <span class='ocrx_word' id='word_1_17' title='bbox 854 801 884 866; x_wconf 92' lang='lat' dir='ltr'>in</span> <span class='ocrx_word' id='word_1_18' title='bbox 910 801 978 868; x_wconf 86' lang='lat' dir='ltr'>eliis</span> <span class='ocrx_word' id='word_1_19' title='bbox 1003 803 1114 890; x_wconf 88' lang='lat' dir='ltr'>quinto</span> <span class='ocrx_word' id='word_1_20' title='bbox 1142 804 1257 868; x_wconf 83' lang='lat' dir='ltr'>Kalen-</span> 
     </span>
     <span class='ocr_line' id='line_1_4' title="bbox 256 891 1262 960; baseline 0 -2"><span class='ocrx_word' id='word_1_21' title='bbox 256 893 311 958; x_wconf 89' lang='lat' dir='ltr'>das</span> <span class='ocrx_word' id='word_1_22' title='bbox 340 891 444 959; x_wconf 85' lang='lat' dir='ltr'>Marti-i</span> <span class='ocrx_word' id='word_1_23' title='bbox 474 891 554 957; x_wconf 77' lang='lat' dir='ltr'>Anni</span> <span class='ocrx_word' id='word_1_24' title='bbox 579 891 618 956; x_wconf 90' lang='lat' dir='ltr'>ab</span> <span class='ocrx_word' id='word_1_25' title='bbox 647 891 861 957; x_wconf 83' lang='lat' dir='ltr'>incarnatione</span> <span class='ocrx_word' id='word_1_26' title='bbox 887 892 1015 956; x_wconf 87' lang='lat' dir='ltr'>Domini</span> <span class='ocrx_word' id='word_1_27' title='bbox 1045 893 1262 960; x_wconf 51' lang='lat' dir='ltr'>Muccxcv,</span> 
     </span>
     <span class='ocr_line' id='line_1_5' title="bbox 256 980 1252 1069; baseline 0 -21"><span class='ocrx_word' id='word_1_28' title='bbox 256 982 358 1066; x_wconf 87' lang='lat' dir='ltr'>editis,</span> <span class='ocrx_word' id='word_1_29' title='bbox 384 991 414 1046; x_wconf 92' lang='lat' dir='ltr'>et</span> <span class='ocrx_word' id='word_1_30' title='bbox 439 981 470 1046; x_wconf 90' lang='lat' dir='ltr'>in</span> <span class='ocrx_word' id='word_1_31' title='bbox 489 980 619 1046; x_wconf 90' lang='lat' dir='ltr'>Bollarii</span> <span class='ocrx_word' id='word_1_32' title='bbox 642 980 744 1048; x_wconf 81' lang='lat' dir='ltr'><strong>Nostri</strong></span> <span class='ocrx_word' id='word_1_33' title='bbox 773 980 870 1046; x_wconf 81' lang='lat' dir='ltr'>Tamo</span> <span class='ocrx_word' id='word_1_34' title='bbox 888 981 934 1045; x_wconf 90' lang='lat' dir='ltr'>II.</span> <span class='ocrx_word' id='word_1_35' title='bbox 952 1002 1040 1046; x_wconf 80' lang='lat' dir='ltr'>num.</span> <span class='ocrx_word' id='word_1_36' title='bbox 1065 1000 1098 1046; x_wconf 90' lang='lat'>1.</span> <span class='ocrx_word' id='word_1_37' title='bbox 1121 982 1252 1069; x_wconf 88' lang='lat' dir='ltr'>impres·</span> 
     </span>
     <span class='ocr_line' id='line_1_6' title="bbox 256 1070 1254 1158; baseline -0.002 -22"><span class='ocrx_word' id='word_1_38' title='bbox 256 1072 298 1136; x_wconf 88' lang='lat' dir='ltr'>sis</span> <span class='ocrx_word' id='word_1_39' title='bbox 320 1092 451 1158; x_wconf 88' lang='lat' dir='ltr'>quarum</span> <span class='ocrx_word' id='word_1_40' title='bbox 473 1070 595 1136; x_wconf 90' lang='lat' dir='ltr'>initium</span> <span class='ocrx_word' id='word_1_41' title='bbox 622 1082 677 1138; x_wconf 85' lang='lat' dir='ltr'>est:</span> <span class='ocrx_word' id='word_1_42' title='bbox 705 1070 889 1149; x_wconf 82' lang='lat' dir='ltr'>«Quamvis</span> <span class='ocrx_word' id='word_1_43' title='bbox 905 1071 955 1136; x_wconf 86' lang='lat' dir='ltr'>ad</span> <span class='ocrx_word' id='word_1_44' title='bbox 970 1071 1254 1155; x_wconf 64' lang='lat' dir='ltr'>confirmandum»</span> 
     </span>
     <span class='ocr_line' id='line_1_7' title="bbox 256 1158 1255 1248; baseline 0.001 -24"><span class='ocrx_word' id='word_1_45' title='bbox 256 1181 385 1248; x_wconf 79' lang='lat' dir='ltr'>qrroeqoe</span> <span class='ocrx_word' id='word_1_46' title='bbox 401 1171 431 1224; x_wconf 92' lang='lat' dir='ltr'>et</span> <span class='ocrx_word' id='word_1_47' title='bbox 449 1158 556 1224; x_wconf 87' lang='lat' dir='ltr'>iisdem</span> <span class='ocrx_word' id='word_1_48' title='bbox 578 1163 743 1226; x_wconf 78' lang='lat' dir='ltr'>Sacrorum</span> <span class='ocrx_word' id='word_1_49' title='bbox 759 1179 925 1236; x_wconf 87' lang='lat' dir='ltr'>canonum,</span> <span class='ocrx_word' id='word_1_50' title='bbox 941 1181 976 1223; x_wconf 91' lang='lat' dir='ltr'>ac</span> <span class='ocrx_word' id='word_1_51' title='bbox 995 1158 1184 1226; x_wconf 82' lang='lat' dir='ltr'>Tridentinae</span> <span class='ocrx_word' id='word_1_52' title='bbox 1205 1165 1255 1247; x_wconf 77' lang='lat' dir='ltr'>Sy·</span> 
     </span>
     <span class='ocr_line' id='line_1_8' title="bbox 257 1247 1257 1336; baseline -0.002 -20"><span class='ocrx_word' id='word_1_53' title='bbox 257 1249 345 1332; x_wconf 87' lang='lat' dir='ltr'>nodi,</span> <span class='ocrx_word' id='word_1_54' title='bbox 368 1271 486 1314; x_wconf 79' lang='lat' dir='ltr'>necnon</span> <span class='ocrx_word' id='word_1_55' title='bbox 506 1250 747 1316; x_wconf 84' lang='lat' dir='ltr'>Prouincialium</span> <span class='ocrx_word' id='word_1_56' title='bbox 772 1261 802 1314; x_wconf 88' lang='lat' dir='ltr'>et</span> <span class='ocrx_word' id='word_1_57' title='bbox 828 1247 1028 1336; x_wconf 76' lang='lat' dir='ltr'>synodalium</span> <span class='ocrx_word' id='word_1_58' title='bbox 1050 1248 1257 1314; x_wconf 88' lang='lat' dir='ltr'>conciliorum</span> 
     </span>
     <span class='ocr_line' id='line_1_9' title="bbox 187 1337 1253 1426; baseline -0.001 -23"><span class='ocrx_word' id='word_1_59' title='bbox 187 1373 192 1392; x_wconf 64' lang='grc' dir='ltr'><em>ι</em></span> <span class='ocrx_word' id='word_1_60' title='bbox 257 1340 289 1404; x_wconf 91' lang='lat' dir='ltr'>in</span> <span class='ocrx_word' id='word_1_61' title='bbox 318 1339 454 1426; x_wconf 81' lang='lat' dir='ltr'>ipsismet</span> <span class='ocrx_word' id='word_1_62' title='bbox 476 1337 635 1403; x_wconf 87' lang='lat' dir='ltr'>indiarum</span> <span class='ocrx_word' id='word_1_63' title='bbox 664 1337 855 1426; x_wconf 81' lang='lat' dir='ltr'>Regionibus</span> <span class='ocrx_word' id='word_1_64' title='bbox 878 1337 1056 1404; x_wconf 86' lang='lat' dir='ltr'>habitorum</span> <span class='ocrx_word' id='word_1_65' title='bbox 1084 1339 1253 1403; x_wconf 83' lang='lat' dir='ltr'>sanctioni-</span> 
     </span>
     <span class='ocr_line' id='line_1_10' title="bbox 256 1426 1258 1516; baseline 0 -23"><span class='ocrx_word' id='word_1_66' title='bbox 256 1427 315 1494; x_wconf 88' lang='lat' dir='ltr'>bus</span> <span class='ocrx_word' id='word_1_67' title='bbox 338 1429 449 1492; x_wconf 84' lang='lat' dir='ltr'>innirae</span> <span class='ocrx_word' id='word_1_68' title='bbox 483 1438 563 1506; x_wconf 90' lang='lat' dir='ltr'>sunt,</span> <span class='ocrx_word' id='word_1_69' title='bbox 604 1439 634 1493; x_wconf 88' lang='lat' dir='ltr'>et</span> <span class='ocrx_word' id='word_1_70' title='bbox 665 1438 728 1493; x_wconf 88' lang='lat' dir='ltr'>tarn</span> <span class='ocrx_word' id='word_1_71' title='bbox 763 1426 802 1492; x_wconf 91' lang='lat' dir='ltr'>ad</span> <span class='ocrx_word' id='word_1_72' title='bbox 831 1427 1054 1513; x_wconf 87' lang='lat' dir='ltr'>Occidentales,</span> <span class='ocrx_word' id='word_1_73' title='bbox 1089 1449 1182 1516; x_wconf 88' lang='lat' dir='ltr'>quam</span> <span class='ocrx_word' id='word_1_74' title='bbox 1218 1427 1258 1493; x_wconf 86' lang='lat' dir='ltr'>ad</span> 
     </span>
     <span class='ocr_line' id='line_1_11' title="bbox 223 1515 1257 1606; baseline 0 -24"><span class='ocrx_word' id='word_1_75' title='bbox 223 1547 227 1555; x_wconf 85' lang='grc'>·</span> <span class='ocrx_word' id='word_1_76' title='bbox 259 1516 430 1583; x_wconf 89' lang='lat' dir='ltr'>Orientales</span> <span class='ocrx_word' id='word_1_77' title='bbox 460 1516 562 1582; x_wconf 87' lang='lat' dir='ltr'>indias</span> <span class='ocrx_word' id='word_1_78' title='bbox 590 1539 622 1582; x_wconf 87' lang='lat' dir='ltr'>se</span> <span class='ocrx_word' id='word_1_79' title='bbox 645 1515 843 1604; x_wconf 90' lang='lat' dir='ltr'>protendunt,</span> <span class='ocrx_word' id='word_1_80' title='bbox 869 1538 904 1581; x_wconf 91' lang='lat' dir='ltr'>ac</span> <span class='ocrx_word' id='word_1_81' title='bbox 928 1517 1093 1606; x_wconf 73' lang='lat' dir='ltr'><strong>utrobique</strong></span> <span class='ocrx_word' id='word_1_82' title='bbox 1124 1517 1257 1582; x_wconf 84' lang='lat' dir='ltr'>inviola-</span> 
     </span>
    </p>
   </div>
   <div class='ocr_carea' id='block_1_3' title="bbox 153 1605 858 1694">
    <p class='ocr_par' dir='ltr' id='par_1_3' title="bbox 153 1605 858 1694">
     <span class='ocr_line' id='line_1_12' title="bbox 153 1605 858 1694; baseline -0.003 -23"><span class='ocrx_word' id='word_1_83' title='bbox 153 1618 156 1626; x_wconf 88' lang='lat'>&#39;</span> <span class='ocrx_word' id='word_1_84' title='bbox 257 1606 332 1672; x_wconf 85' lang='lat' dir='ltr'>bilis</span> <span class='ocrx_word' id='word_1_85' title='bbox 356 1607 431 1694; x_wconf 78' lang='lat' dir='ltr'>legis</span> <span class='ocrx_word' id='word_1_86' title='bbox 452 1606 515 1671; x_wconf 81' lang='lat' dir='ltr'>vim</span> <span class='ocrx_word' id='word_1_87' title='bbox 543 1606 684 1676; x_wconf 84' lang='lat' dir='ltr'>obtinere</span> <span class='ocrx_word' id='word_1_88' title='bbox 708 1605 858 1672; x_wconf 77' lang='lat' dir='ltr'>debent.»</span> 
     </span>
    </p>
   </div>
   <div class='ocr_carea' id='block_1_4' title="bbox 194 1693 1341 4196">
    <p class='ocr_par' dir='ltr' id='par_1_4' title="bbox 194 1693 1341 4196">
     <span class='ocr_line' id='line_1_13' title="bbox 298 1693 1258 1782; baseline -0.001 -23"><span class='ocrx_word' id='word_1_89' title='bbox 298 1700 353 1766; x_wconf 76' lang='lat' dir='ltr'>ro.</span> <span class='ocrx_word' id='word_1_90' title='bbox 402 1697 489 1762; x_wconf 92' lang='lat' dir='ltr'>Bulla</span> <span class='ocrx_word' id='word_1_91' title='bbox 520 1694 600 1760; x_wconf 84' lang='lat' dir='ltr'>Cum</span> <span class='ocrx_word' id='word_1_92' title='bbox 626 1697 724 1774; x_wconf 73' lang='lat' dir='ltr'>alcior,</span> <span class='ocrx_word' id='word_1_93' title='bbox 758 1694 897 1782; x_wconf 85' lang='lat' dir='ltr'>ejusdem</span> <span class='ocrx_word' id='word_1_94' title='bbox 928 1697 966 1760; x_wconf 87' lang='lat' dir='ltr'>R.</span> <span class='ocrx_word' id='word_1_95' title='bbox 993 1693 1167 1781; x_wconf 86' lang='lat' dir='ltr'>Pontificis,</span> <span class='ocrx_word' id='word_1_96' title='bbox 1197 1697 1258 1758; x_wconf 86' lang='lat' dir='ltr'>Ju-</span> 
     </span>
     <span class='ocr_line' id='line_1_14' title="bbox 255 1783 1254 1871; baseline 0.001 -22"><span class='ocrx_word' id='word_1_97' title='bbox 255 1785 300 1849; x_wconf 91' lang='lat' dir='ltr'>nii</span> <span class='ocrx_word' id='word_1_98' title='bbox 329 1789 429 1871; x_wconf 72' lang='lat' dir='ltr'>troc,</span> <span class='ocrx_word' id='word_1_99' title='bbox 458 1788 547 1868; x_wconf 83' lang='lat' dir='ltr'>cujus</span> <span class='ocrx_word' id='word_1_100' title='bbox 574 1785 680 1850; x_wconf 84' lang='lat' dir='ltr'>titulus</span> <span class='ocrx_word' id='word_1_101' title='bbox 708 1795 764 1850; x_wconf 86' lang='lat' dir='ltr'>eat:</span> <span class='ocrx_word' id='word_1_102' title='bbox 799 1787 864 1848; x_wconf 83' lang='lat' dir='ltr'>olle</span> <span class='ocrx_word' id='word_1_103' title='bbox 891 1783 1055 1849; x_wconf 81' lang='lat' dir='ltr'>Beneficiis</span> <span class='ocrx_word' id='word_1_104' title='bbox 1078 1787 1115 1849; x_wconf 87' lang='lat' dir='ltr'>Et</span> <span class='ocrx_word' id='word_1_105' title='bbox 1145 1783 1254 1850; x_wconf 85' lang='lat' dir='ltr'>officiis</span> 
     </span>
     <span class='ocr_line' id='line_1_15' title="bbox 255 1871 1341 1961; baseline -0.003 -22"><span class='ocrx_word' id='word_1_106' title='bbox 255 1875 376 1939; x_wconf 87' lang='lat' dir='ltr'>Curatis</span> <span class='ocrx_word' id='word_1_107' title='bbox 397 1895 451 1961; x_wconf 91' lang='lat' dir='ltr'>per</span> <span class='ocrx_word' id='word_1_108' title='bbox 478 1873 636 1940; x_wconf 89' lang='lat' dir='ltr'>indiarum</span> <span class='ocrx_word' id='word_1_109' title='bbox 664 1873 909 1940; x_wconf 88' lang='lat' dir='ltr'>Occidentalium</span> <span class='ocrx_word' id='word_1_110' title='bbox 937 1875 1104 1960; x_wconf 78' lang='lat' dir='ltr'>Regiones,</span> <span class='ocrx_word' id='word_1_111' title='bbox 1130 1871 1258 1938; x_wconf 87' lang='lat' dir='ltr'>Secula·</span> <span class='ocrx_word' id='word_1_112' title='bbox 1340 1891 1341 1898; x_wconf 53' lang='lat'>¹</span> 
     </span>
     <span class='ocr_line' id='line_1_16' title="bbox 255 1962 1258 2049; baseline -0.003 -21"><span class='ocrx_word' id='word_1_113' title='bbox 255 1964 343 2030; x_wconf 90' lang='lat' dir='ltr'>ribus</span> <span class='ocrx_word' id='word_1_114' title='bbox 369 1965 462 2029; x_wconf 90' lang='lat' dir='ltr'>etiam</span> <span class='ocrx_word' id='word_1_115' title='bbox 485 1963 617 2048; x_wconf 88' lang='lat' dir='ltr'>clericis,</span> <span class='ocrx_word' id='word_1_116' title='bbox 641 1964 762 2030; x_wconf 90' lang='lat' dir='ltr'>sublato</span> <span class='ocrx_word' id='word_1_117' title='bbox 787 1973 901 2028; x_wconf 88' lang='lat' dir='ltr'>asserto</span> <span class='ocrx_word' id='word_1_118' title='bbox 929 1962 1132 2048; x_wconf 84' lang='lat' dir='ltr'>Regularium</span> <span class='ocrx_word' id='word_1_119' title='bbox 1155 1963 1258 2049; x_wconf 87' lang='lat' dir='ltr'>priva·</span> 
     </span>
     <span class='ocr_line' id='line_1_17' title="bbox 254 2049 1260 2140; baseline -0.003 -24"><span class='ocrx_word' id='word_1_120' title='bbox 254 2054 317 2119; x_wconf 86' lang='lat' dir='ltr'>tiro</span> <span class='ocrx_word' id='word_1_121' title='bbox 348 2055 431 2140; x_wconf 78' lang='lat' dir='ltr'>jure,</span> <span class='ocrx_word' id='word_1_122' title='bbox 460 2053 667 2122; x_wconf 84' lang='lat' dir='ltr'>conferendis:</span> <span class='ocrx_word' id='word_1_123' title='bbox 703 2051 887 2139; x_wconf 78' lang='lat' dir='ltr'>Apostolicae</span> <span class='ocrx_word' id='word_1_124' title='bbox 919 2052 1040 2118; x_wconf 75' lang='lat' dir='ltr'>Litteras</span> <span class='ocrx_word' id='word_1_125' title='bbox 1074 2055 1139 2139; x_wconf 84' lang='lat' dir='ltr'>jam</span> <span class='ocrx_word' id='word_1_126' title='bbox 1168 2049 1260 2117; x_wconf 77' lang='lat' dir='ltr'>adite</span> 
     </span>
     <span class='ocr_line' id='line_1_18' title="bbox 257 2140 1260 2226; baseline -0.002 -18"><span class='ocrx_word' id='word_1_127' title='bbox 257 2147 355 2226; x_wconf 82' lang='lat' dir='ltr'>(quas</span> <span class='ocrx_word' id='word_1_128' title='bbox 380 2142 454 2208; x_wconf 82' lang='lat' dir='ltr'>vide</span> <span class='ocrx_word' id='word_1_129' title='bbox 485 2143 573 2208; x_wconf 88' lang='lat' dir='ltr'>Tom.</span> <span class='ocrx_word' id='word_1_130' title='bbox 596 2143 658 2207; x_wconf 89' lang='lat' dir='ltr'><em>III.</em></span> <span class='ocrx_word' id='word_1_131' title='bbox 686 2164 774 2207; x_wconf 85' lang='lat' dir='ltr'>num.</span> <span class='ocrx_word' id='word_1_132' title='bbox 793 2145 867 2223; x_wconf 80' lang='lat'><em>51.)</em></span> <span class='ocrx_word' id='word_1_133' title='bbox 890 2141 1128 2213; x_wconf 81' lang='lat' dir='ltr'>confirmantur,</span> <span class='ocrx_word' id='word_1_134' title='bbox 1153 2150 1183 2204; x_wconf 91' lang='lat' dir='ltr'>et</span> <span class='ocrx_word' id='word_1_135' title='bbox 1204 2140 1260 2206; x_wconf 86' lang='lat' dir='ltr'>de·</span> 
     </span>
     <span class='ocr_line' id='line_1_19' title="bbox 253 2230 1258 2317; baseline -0.004 -21"><span class='ocrx_word' id='word_1_136' title='bbox 253 2234 510 2296; x_wconf 81' lang='lat' dir='ltr'>clarantur.·-In</span> <span class='ocrx_word' id='word_1_137' title='bbox 547 2231 779 2297; x_wconf 78' lang='lat' dir='ltr'>introductione</span> <span class='ocrx_word' id='word_1_138' title='bbox 813 2231 954 2317; x_wconf 88' lang='lat' dir='ltr'>loquitur.</span> <span class='ocrx_word' id='word_1_139' title='bbox 979 2230 1017 2296; x_wconf 91' lang='lat' dir='ltr'>de</span> <span class='ocrx_word' id='word_1_140' title='bbox 1044 2230 1126 2295; x_wconf 90' lang='lat' dir='ltr'>clero</span> <span class='ocrx_word' id='word_1_141' title='bbox 1158 2252 1258 2293; x_wconf 77' lang='lat' dir='ltr'>seecu-</span> 
     </span>
     <span class='ocr_line' id='line_1_20' title="bbox 257 2318 1253 2408; baseline -0.005 -22"><span class='ocrx_word' id='word_1_142' title='bbox 257 2321 314 2386; x_wconf 90' lang='lat' dir='ltr'>lari</span> <span class='ocrx_word' id='word_1_143' title='bbox 345 2320 499 2408; x_wconf 80' lang='lat' dir='ltr'>indigena:</span> <span class='ocrx_word' id='word_1_144' title='bbox 535 2323 632 2385; x_wconf 86' lang='lat' dir='ltr'>rCum</span> <span class='ocrx_word' id='word_1_145' title='bbox 661 2318 735 2384; x_wconf 90' lang='lat' dir='ltr'>alias</span> <span class='ocrx_word' id='word_1_146' title='bbox 765 2341 876 2405; x_wconf 82' lang='lat' dir='ltr'>nempe</span> <span class='ocrx_word' id='word_1_147' title='bbox 904 2318 941 2384; x_wconf 92' lang='lat' dir='ltr'>de</span> <span class='ocrx_word' id='word_1_148' title='bbox 971 2323 1061 2384; x_wconf 79' lang='lat' dir='ltr'>Anno</span> <span class='ocrx_word' id='word_1_149' title='bbox 1088 2319 1253 2382; x_wconf 85' lang='lat' dir='ltr'>millesimo</span> 
     </span>
     <span class='ocr_line' id='line_1_21' title="bbox 258 2407 1258 2498; baseline -0.005 -24"><span class='ocrx_word' id='word_1_150' title='bbox 258 2411 530 2496; x_wconf 80' lang='lat' dir='ltr'>septingentesimo</span> <span class='ocrx_word' id='word_1_151' title='bbox 563 2410 819 2498; x_wconf 79' lang='lat' dir='ltr'>quinquagesimo</span> <span class='ocrx_word' id='word_1_152' title='bbox 851 2407 953 2495; x_wconf 91' lang='lat' dir='ltr'>primo</span> <span class='ocrx_word' id='word_1_153' title='bbox 989 2431 1025 2474; x_wconf 78' lang='lat' dir='ltr'>ex</span> <span class='ocrx_word' id='word_1_154' title='bbox 1058 2419 1142 2494; x_wconf 89' lang='lat' dir='ltr'>parte</span> <span class='ocrx_word' id='word_1_155' title='bbox 1176 2407 1258 2472; x_wconf 84' lang='lat' dir='ltr'>Clra·</span> 
     </span>
     <span class='ocr_line' id='line_1_22' title="bbox 260 2496 1260 2582; baseline -0.006 -18"><span class='ocrx_word' id='word_1_156' title='bbox 260 2500 374 2564; x_wconf 76' lang='lat' dir='ltr'>tissimi</span> <span class='ocrx_word' id='word_1_157' title='bbox 407 2502 437 2564; x_wconf 92' lang='lat' dir='ltr'>in</span> <span class='ocrx_word' id='word_1_158' title='bbox 469 2498 591 2565; x_wconf 84' lang='lat' dir='ltr'>Christo</span> <span class='ocrx_word' id='word_1_159' title='bbox 622 2499 693 2564; x_wconf 86' lang='lat' dir='ltr'>Filii</span> <span class='ocrx_word' id='word_1_160' title='bbox 727 2499 832 2565; x_wconf 90' lang='lat' dir='ltr'>Nostri</span> <span class='ocrx_word' id='word_1_161' title='bbox 859 2496 1046 2563; x_wconf 83' lang='lat' dir='ltr'>Ferdinandi</span> <span class='ocrx_word' id='word_1_162' title='bbox 1077 2500 1118 2561; x_wconf 86' lang='lat' dir='ltr'>Vl</span> <span class='ocrx_word' id='word_1_163' title='bbox 1146 2497 1260 2582; x_wconf 88' lang='lat' dir='ltr'>Hispa-</span> 
     </span>
     <span class='ocr_line' id='line_1_23' title="bbox 256 2586 1258 2676; baseline -0.005 -22"><span class='ocrx_word' id='word_1_164' title='bbox 256 2589 380 2654; x_wconf 92' lang='lat' dir='ltr'>niarum</span> <span class='ocrx_word' id='word_1_165' title='bbox 414 2589 506 2676; x_wconf 80' lang='lat' dir='ltr'>Regis</span> <span class='ocrx_word' id='word_1_166' title='bbox 541 2589 689 2656; x_wconf 71' lang='lat' dir='ltr'>Catholici</span> <span class='ocrx_word' id='word_1_167' title='bbox 726 2589 822 2655; x_wconf 90' lang='lat' dir='ltr'>Nobis</span> <span class='ocrx_word' id='word_1_168' title='bbox 861 2597 1100 2671; x_wconf 75' lang='lat' dir='ltr'>representatum</span> <span class='ocrx_word' id='word_1_169' title='bbox 1136 2586 1258 2664; x_wconf 86' lang='lat' dir='ltr'>fuisset,</span> 
     </span>
     <span class='ocr_line' id='line_1_24' title="bbox 257 2677 1325 2762; baseline -0.004 -20"><span class='ocrx_word' id='word_1_170' title='bbox 257 2700 320 2742; x_wconf 90' lang='lat' dir='ltr'>uon</span> <span class='ocrx_word' id='word_1_171' title='bbox 355 2699 404 2742; x_wconf 85' lang='lat' dir='ltr'>eas</span> <span class='ocrx_word' id='word_1_172' title='bbox 435 2679 540 2743; x_wconf 88' lang='lat' dir='ltr'>&#39;adhuc</span> <span class='ocrx_word' id='word_1_173' title='bbox 576 2679 606 2742; x_wconf 92' lang='lat' dir='ltr'>in</span> <span class='ocrx_word' id='word_1_174' title='bbox 644 2678 801 2744; x_wconf 86' lang='lat' dir='ltr'>lndiarum</span> <span class='ocrx_word' id='word_1_175' title='bbox 838 2677 1092 2742; x_wconf 87' lang='lat' dir='ltr'>Occidentalium&#39;</span> <span class='ocrx_word' id='word_1_176' title='bbox 1125 2677 1254 2762; x_wconf 82' lang='lat' dir='ltr'>Regnis,</span> <span class='ocrx_word' id='word_1_177' title='bbox 1322 2742 1325 2748; x_wconf 66' lang='grc'>,</span> 
     </span>
     <span class='ocr_line' id='line_1_25' title="bbox 220 2766 1260 2854; baseline -0.002 -24"><span class='ocrx_word' id='word_1_178' title='bbox 220 2800 222 2804; x_wconf 94' lang='grc'><strong><em>·</em></strong></span> <span class='ocrx_word' id='word_1_179' title='bbox 257 2780 348 2853; x_wconf 90' lang='lat' dir='ltr'>atque</span> <span class='ocrx_word' id='word_1_180' title='bbox 378 2767 549 2832; x_wconf 84' lang='lat' dir='ltr'>Provinciis</span> <span class='ocrx_word' id='word_1_181' title='bbox 572 2769 670 2854; x_wconf 88' lang='lat' dir='ltr'>ipsius</span> <span class='ocrx_word' id='word_1_182' title='bbox 694 2767 843 2832; x_wconf 92' lang='lat' dir='ltr'>Dominio</span> <span class='ocrx_word' id='word_1_183' title='bbox 872 2766 1030 2854; x_wconf 83' lang='lat' dir='ltr'>subjectus</span> <span class='ocrx_word' id='word_1_184' title='bbox 1061 2789 1163 2829; x_wconf 89' lang='lat' dir='ltr'>rerum</span> <span class='ocrx_word' id='word_1_185' title='bbox 1198 2766 1260 2829; x_wconf 83' lang='lat' dir='ltr'>cir-</span> 
     </span>
     <span class='ocr_line' id='line_1_26' title="bbox 256 2856 1257 2944; baseline -0.002 -25"><span class='ocrx_word' id='word_1_186' title='bbox 256 2857 448 2920; x_wconf 85' lang='lat' dir='ltr'>constancias</span> <span class='ocrx_word' id='word_1_187' title='bbox 477 2856 653 2941; x_wconf 84' lang='lat' dir='ltr'>subsistere,</span> <span class='ocrx_word' id='word_1_188' title='bbox 694 2858 734 2921; x_wconf 93' lang='lat' dir='ltr'>ob</span> <span class='ocrx_word' id='word_1_189' title='bbox 773 2877 849 2944; x_wconf 87' lang='lat' dir='ltr'>quas</span> <span class='ocrx_word' id='word_1_190' title='bbox 879 2856 953 2920; x_wconf 90' lang='lat' dir='ltr'>olim</span> <span class='ocrx_word' id='word_1_191' title='bbox 987 2861 1103 2920; x_wconf 82' lang='lat' dir='ltr'>Sanctae</span> <span class='ocrx_word' id='word_1_192' title='bbox 1136 2875 1257 2918; x_wconf 90' lang='lat' dir='ltr'>memo·</span> 
     </span>
     <span class='ocr_line' id='line_1_27' title="bbox 258 2943 1258 3011; baseline -0.003 -2"><span class='ocrx_word' id='word_1_193' title='bbox 258 2947 311 3010; x_wconf 83' lang='lat' dir='ltr'>riae</span> <span class='ocrx_word' id='word_1_194' title='bbox 334 2945 408 3011; x_wconf 91' lang='lat' dir='ltr'>Pius</span> <span class='ocrx_word' id='word_1_195' title='bbox 426 2949 466 3007; x_wconf 89' lang='lat' dir='ltr'>V.</span> <span class='ocrx_word' id='word_1_196' title='bbox 488 2945 526 3008; x_wconf 94' lang='lat' dir='ltr'>ad</span> <span class='ocrx_word' id='word_1_197' title='bbox 551 2947 724 3011; x_wconf 89' lang='lat' dir='ltr'>instantiam</span> <span class='ocrx_word' id='word_1_198' title='bbox 746 2956 820 3010; x_wconf 92' lang='lat' dir='ltr'>tnnc</span> <span class='ocrx_word' id='word_1_199' title='bbox 842 2945 994 3010; x_wconf 86' lang='lat' dir='ltr'>existentis</span> <span class='ocrx_word' id='word_1_200' title='bbox 1014 2943 1161 3009; x_wconf 90' lang='lat' dir='ltr'>Catholici</span> <span class='ocrx_word' id='word_1_201' title='bbox 1191 2945 1258 3006; x_wconf 87' lang='lat' dir='ltr'>His·</span> 
     </span>
     <span class='ocr_line' id='line_1_28' title="bbox 194 3031 1259 3121; baseline -0.005 -22"><span class='ocrx_word' id='word_1_202' title='bbox 194 3033 202 3053; x_wconf 82' lang='grc'>’</span> <span class='ocrx_word' id='word_1_203' title='bbox 259 3031 421 3120; x_wconf 85' lang='lat' dir='ltr'>paniarum</span> <span class='ocrx_word' id='word_1_204' title='bbox 455 3035 557 3121; x_wconf 81' lang='lat' dir='ltr'>Regis,</span> <span class='ocrx_word' id='word_1_205' title='bbox 596 3035 709 3121; x_wconf 90' lang='lat' dir='ltr'>aliique</span> <span class='ocrx_word' id='word_1_206' title='bbox 747 3035 892 3120; x_wconf 86' lang='lat' dir='ltr'>deinceps</span> <span class='ocrx_word' id='word_1_207' title='bbox 919 3033 1051 3099; x_wconf 89' lang='lat' dir='ltr'>Romani</span> <span class='ocrx_word' id='word_1_208' title='bbox 1091 3031 1259 3100; x_wconf 82' lang='lat' dir='ltr'>Pontilioos</span> 
     </span>
     <span class='ocr_line' id='line_1_29' title="bbox 252 3122 1260 3208; baseline -0.006 -19"><span class='ocrx_word' id='word_1_209' title='bbox 252 3125 493 3190; x_wconf 87' lang='lat' dir='ltr'>Predecessorcs</span> <span class='ocrx_word' id='word_1_210' title='bbox 516 3124 618 3191; x_wconf 88' lang='lat' dir='ltr'>Nostri</span> <span class='ocrx_word' id='word_1_211' title='bbox 648 3135 829 3208; x_wconf 87' lang='lat' dir='ltr'>statuerunt,</span> <span class='ocrx_word' id='word_1_212' title='bbox 861 3144 966 3188; x_wconf 90' lang='lat' dir='ltr'>earum</span> <span class='ocrx_word' id='word_1_213' title='bbox 1001 3122 1177 3208; x_wconf 79' lang='lat' dir='ltr'>Regionum</span> <span class='ocrx_word' id='word_1_214' title='bbox 1199 3124 1260 3184; x_wconf 89' lang='lat' dir='ltr'>Pa-</span> 
     </span>
     <span class='ocr_line' id='line_1_30' title="bbox 259 3209 1263 3300; baseline -0.006 -22"><span class='ocrx_word' id='word_1_215' title='bbox 259 3215 393 3296; x_wconf 87' lang='lat' dir='ltr'>rechins,</span> <span class='ocrx_word' id='word_1_216' title='bbox 423 3214 596 3292; x_wconf 76' lang='lat' dir='ltr'>Doctrinae,</span> <span class='ocrx_word' id='word_1_217' title='bbox 633 3214 753 3300; x_wconf 88' lang='lat' dir='ltr'>aliaque</span> <span class='ocrx_word' id='word_1_218' title='bbox 785 3213 889 3280; x_wconf 92' lang='lat' dir='ltr'>munia</span> <span class='ocrx_word' id='word_1_219' title='bbox 923 3224 952 3278; x_wconf 93' lang='lat' dir='ltr'>et</span> <span class='ocrx_word' id='word_1_220' title='bbox 987 3211 1088 3276; x_wconf 87' lang='lat' dir='ltr'>officia</span> <span class='ocrx_word' id='word_1_221' title='bbox 1127 3209 1165 3274; x_wconf 95' lang='lat' dir='ltr'>ad</span> <span class='ocrx_word' id='word_1_222' title='bbox 1193 3211 1263 3272; x_wconf 92' lang='lat' dir='ltr'>ani·</span> 
     </span>
     <span class='ocr_line' id='line_1_31' title="bbox 261 3298 1257 3390; baseline -0.007 -22"><span class='ocrx_word' id='word_1_223' title='bbox 261 3326 382 3368; x_wconf 90' lang='lat' dir='ltr'>marum</span> <span class='ocrx_word' id='word_1_224' title='bbox 410 3321 516 3368; x_wconf 84' lang='lat' dir='ltr'>curam</span> <span class='ocrx_word' id='word_1_225' title='bbox 540 3303 736 3388; x_wconf 89' lang='lat' dir='ltr'>pertinentia,</span> <span class='ocrx_word' id='word_1_226' title='bbox 765 3325 820 3389; x_wconf 91' lang='lat' dir='ltr'>per</span> <span class='ocrx_word' id='word_1_227' title='bbox 844 3302 1012 3390; x_wconf 77' lang='lat' dir='ltr'>Regulares</span> <span class='ocrx_word' id='word_1_228' title='bbox 1030 3305 1179 3367; x_wconf 89' lang='lat' dir='ltr'>Personas</span> <span class='ocrx_word' id='word_1_229' title='bbox 1202 3298 1257 3362; x_wconf 90' lang='lat' dir='ltr'>ob·</span> 
     </span>
     <span class='ocr_line' id='line_1_32' title="bbox 261 3389 1259 3478; baseline -0.007 -20"><span class='ocrx_word' id='word_1_230' title='bbox 261 3393 352 3460; x_wconf 90' lang='lat' dir='ltr'>tineri</span> <span class='ocrx_word' id='word_1_231' title='bbox 375 3405 406 3458; x_wconf 91' lang='lat' dir='ltr'>et</span> <span class='ocrx_word' id='word_1_232' title='bbox 434 3391 643 3462; x_wconf 79' lang='lat' dir='ltr'>administrari</span> <span class='ocrx_word' id='word_1_233' title='bbox 677 3392 800 3472; x_wconf 88' lang='lat' dir='ltr'>debere,</span> <span class='ocrx_word' id='word_1_234' title='bbox 831 3392 905 3478; x_wconf 87' lang='lat' dir='ltr'>quin</span> <span class='ocrx_word' id='word_1_235' title='bbox 941 3392 1040 3456; x_wconf 89' lang='lat' dir='ltr'>immo</span> <span class='ocrx_word' id='word_1_236' title='bbox 1080 3389 1259 3454; x_wconf 73' lang='lat' dir='ltr'>secularem</span> 
     </span>
     <span class='ocr_line' id='line_1_33' title="bbox 253 3478 1255 3568; baseline -0.009 -19"><span class='ocrx_word' id='word_1_237' title='bbox 253 3485 378 3549; x_wconf 88' lang='lat' dir='ltr'>Clerum</span> <span class='ocrx_word' id='word_1_238' title='bbox 399 3484 522 3548; x_wconf 90' lang='lat' dir='ltr'>illarum</span> <span class='ocrx_word' id='word_1_239' title='bbox 546 3483 682 3547; x_wconf 87' lang='lat' dir='ltr'>Partium</span> <span class='ocrx_word' id='word_1_240' title='bbox 714 3487 731 3546; x_wconf 82' lang='lat' dir='ltr'>i</span> <span class='ocrx_word' id='word_1_241' title='bbox 758 3485 856 3546; x_wconf 89' lang='lat' dir='ltr'>multo</span> <span class='ocrx_word' id='word_1_242' title='bbox 879 3485 942 3568; x_wconf 82' lang='lat' dir='ltr'>jam</span> <span class='ocrx_word' id='word_1_243' title='bbox 965 3493 1104 3566; x_wconf 89' lang='lat' dir='ltr'>tempore</span> <span class='ocrx_word' id='word_1_244' title='bbox 1127 3478 1204 3542; x_wconf 90' lang='lat' dir='ltr'>adeo</span> <span class='ocrx_word' id='word_1_245' title='bbox 1226 3487 1255 3542; x_wconf 91' lang='lat' dir='ltr'>et</span> 
     </span>
     <span class='ocr_line' id='line_1_34' title="bbox 254 3568 1257 3657; baseline -0.009 -19"><span class='ocrx_word' id='word_1_246' title='bbox 254 3595 385 3638; x_wconf 91' lang='lat' dir='ltr'>numero</span> <span class='ocrx_word' id='word_1_247' title='bbox 410 3573 586 3648; x_wconf 84' lang='lat' dir='ltr'>excrevisse,</span> <span class='ocrx_word' id='word_1_248' title='bbox 610 3584 640 3636; x_wconf 90' lang='lat' dir='ltr'>ct</span> <span class='ocrx_word' id='word_1_249' title='bbox 661 3571 813 3644; x_wconf 82' lang='lat' dir='ltr'>moribus,</span> <span class='ocrx_word' id='word_1_250' title='bbox 846 3584 937 3657; x_wconf 89' lang='lat' dir='ltr'>atque</span> <span class='ocrx_word' id='word_1_251' title='bbox 964 3569 1103 3634; x_wconf 89' lang='lat' dir='ltr'>doctrina</span> <span class='ocrx_word' id='word_1_252' title='bbox 1130 3568 1257 3652; x_wconf 83' lang='lat' dir='ltr'>conspi-</span> 
     </span>
     <span class='ocr_line' id='line_1_35' title="bbox 251 3655 1257 3748; baseline -0.008 -22"><span class='ocrx_word' id='word_1_253' title='bbox 251 3685 358 3742; x_wconf 88' lang='lat' dir='ltr'>cuurn,</span> <span class='ocrx_word' id='word_1_254' title='bbox 391 3661 583 3748; x_wconf 81' lang='lat' dir='ltr'>proindeque</span> <span class='ocrx_word' id='word_1_255' title='bbox 612 3661 650 3726; x_wconf 92' lang='lat' dir='ltr'>ad</span> <span class='ocrx_word' id='word_1_256' title='bbox 673 3660 840 3726; x_wconf 87' lang='lat' dir='ltr'>obtinenda</span> <span class='ocrx_word' id='word_1_257' title='bbox 871 3671 900 3724; x_wconf 90' lang='lat' dir='ltr'>et</span> <span class='ocrx_word' id='word_1_258' title='bbox 924 3659 1057 3748; x_wconf 80' lang='lat' dir='ltr'>gerenda</span> <span class='ocrx_word' id='word_1_259' title='bbox 1099 3655 1257 3743; x_wconf 85' lang='lat' dir='ltr'>ejusmodi</span> 
     </span>
     <span class='ocr_line' id='line_1_36' title="bbox 254 3745 1258 3836; baseline -0.006 -20"><span class='ocrx_word' id='word_1_260' title='bbox 254 3753 359 3816; x_wconf 89' lang='lat' dir='ltr'>munio</span> <span class='ocrx_word' id='word_1_261' title='bbox 388 3745 535 3816; x_wconf 86' lang='lat' dir='ltr'>idoneum</span> <span class='ocrx_word' id='word_1_262' title='bbox 563 3773 594 3816; x_wconf 88' lang='lat' dir='ltr'>se</span> <span class='ocrx_word' id='word_1_263' title='bbox 619 3750 766 3836; x_wconf 84' lang='lat' dir='ltr'>praebere,</span> <span class='ocrx_word' id='word_1_264' title='bbox 799 3766 833 3815; x_wconf 89' lang='lat' dir='ltr'>ut</span> <span class='ocrx_word' id='word_1_265' title='bbox 861 3749 937 3813; x_wconf 85' lang='lat' dir='ltr'>nilrit</span> <span class='ocrx_word' id='word_1_266' title='bbox 965 3751 1029 3834; x_wconf 82' lang='lat' dir='ltr'>jam</span> <span class='ocrx_word' id='word_1_267' title='bbox 1053 3746 1178 3813; x_wconf 79' lang='lat' dir='ltr'>obstare</span> <span class='ocrx_word' id='word_1_268' title='bbox 1211 3747 1258 3810; x_wconf 91' lang='lat' dir='ltr'>vi·</span> 
     </span>
     <span class='ocr_line' id='line_1_37' title="bbox 253 3836 1255 3926; baseline -0.009 -20"><span class='ocrx_word' id='word_1_269' title='bbox 253 3841 388 3921; x_wconf 89' lang='lat' dir='ltr'>deretur,</span> <span class='ocrx_word' id='word_1_270' title='bbox 420 3839 612 3926; x_wconf 87' lang='lat' dir='ltr'>quominus</span> <span class='ocrx_word' id='word_1_271' title='bbox 642 3839 822 3904; x_wconf 88' lang='lat' dir='ltr'>earumdem</span> <span class='ocrx_word' id='word_1_272' title='bbox 850 3837 1088 3920; x_wconf 90' lang='lat' dir='ltr'>Parochiarum‚</span> <span class='ocrx_word' id='word_1_273' title='bbox 1127 3836 1255 3898; x_wconf 88' lang='lat' dir='ltr'>Doctri-</span> 
     </span>
     <span class='ocr_line' id='line_1_38' title="bbox 253 3923 1253 4016; baseline -0.007 -20"><span class='ocrx_word' id='word_1_274' title='bbox 253 3952 377 4011; x_wconf 80' lang='lat' dir='ltr'>narum,</span> <span class='ocrx_word' id='word_1_275' title='bbox 408 3929 602 4016; x_wconf 88' lang='lat' dir='ltr'>aliorumque</span> <span class='ocrx_word' id='word_1_276' title='bbox 626 3927 803 3994; x_wconf 84' lang='lat' dir='ltr'>ciliciorum</span> <span class='ocrx_word' id='word_1_277' title='bbox 830 3928 977 4014; x_wconf 89' lang='lat' dir='ltr'>provisio.</span> <span class='ocrx_word' id='word_1_278' title='bbox 1014 3938 1043 3994; x_wconf 86' lang='lat' dir='ltr'>et</span> <span class='ocrx_word' id='word_1_279' title='bbox 1076 3923 1253 4009; x_wconf 88' lang='lat' dir='ltr'>dispositio,</span> 
     </span>
     <span class='ocr_line' id='line_1_39' title="bbox 251 4015 1249 4105; baseline -0.009 -21"><span class='ocrx_word' id='word_1_280' title='bbox 251 4019 290 4084; x_wconf 90' lang='lat' dir='ltr'>ad</span> <span class='ocrx_word' id='word_1_281' title='bbox 313 4042 393 4101; x_wconf 88' lang='lat' dir='ltr'>eam,</span> <span class='ocrx_word' id='word_1_282' title='bbox 422 4040 490 4105; x_wconf 83' lang='lat' dir='ltr'>qnae</span> <span class='ocrx_word' id='word_1_283' title='bbox 509 4018 689 4104; x_wconf 79' lang='lat' dir='ltr'>generaliter</span> <span class='ocrx_word' id='word_1_284' title='bbox 710 4040 769 4104; x_wconf 90' lang='lat' dir='ltr'>per</span> <span class='ocrx_word' id='word_1_285' title='bbox 789 4017 905 4082; x_wconf 85' lang='lat' dir='ltr'>Orbem</span> <span class='ocrx_word' id='word_1_286' title='bbox 925 4019 1025 4104; x_wconf 73' lang='lat' dir='ltr'>rigere</span> <span class='ocrx_word' id='word_1_287' title='bbox 1044 4015 1249 4101; x_wconf 77' lang='lat' dir='ltr'>dignoscitur,</span> 
     </span>
     <span class='ocr_line' id='line_1_40' title="bbox 249 4102 1258 4196; baseline -0.01 -20"><span class='ocrx_word' id='word_1_288' title='bbox 249 4108 467 4178; x_wconf 65' lang='lat' dir='ltr'>Ecclesiasticus</span> <span class='ocrx_word' id='word_1_289' title='bbox 486 4106 657 4196; x_wconf 84' lang='lat' dir='ltr'>disciplinae</span> <span class='ocrx_word' id='word_1_290' title='bbox 680 4107 831 4196; x_wconf 79' lang='lat' dir='ltr'>formam,</span> <span class='ocrx_word' id='word_1_291' title='bbox 853 4118 945 4196; x_wconf 90' lang='lat' dir='ltr'>prout</span> <span class='ocrx_word' id='word_1_292' title='bbox 974 4127 1036 4172; x_wconf 91' lang='lat' dir='ltr'>non</span> <span class='ocrx_word' id='word_1_293' title='bbox 1070 4106 1171 4178; x_wconf 83' lang='lat' dir='ltr'>solnm</span> <span class='ocrx_word' id='word_1_294' title='bbox 1194 4102 1258 4190; x_wconf 86' lang='lat' dir='ltr'>ipse</span> 
     </span>
    </p>
   </div>
   <div class='ocr_carea' id='block_1_5' title="bbox 0 0 1454 4776">
    <p class='ocr_par' dir='ltr' id='par_1_5' title="bbox 0 0 1454 4776">
     <span class='ocr_line' id='line_1_41' title="bbox 0 0 1454 4776; baseline 0 3"><span class='ocrx_word' id='word_1_295' title='bbox 0 0 1454 4776; x_wconf 95' lang='lat' dir='ltr'> </span> 
     </span>
    </p>
   </div>
  </div>
 </body>
</html>
