2898 4776
618 532 866 578 tusutuuutouuu

635 821 768 901 Num.
793 837 832 902 2.

608 1032 861 1086 CONSUETUDO.

279 1179 476 1247 Consuetudo
502 1186 600 1270 potest
627 1199 703 1242 esse:
734 1182 815 1266 juxta
843 1181 954 1268 legem,
981 1197 1090 1268 praeter
1118 1188 1228 1276 legem,

234 1283 338 1336 contro
362 1273 470 1356 tegern:
493 1267 525 1336 id
551 1278 605 1334 est:
627 1267 757 1351 ipsomet
782 1271 827 1334 lex
849 1293 917 1358 quae
936 1273 1132 1361 adimpletur,
1155 1301 1230 1344 nova

234 1365 290 1441 tex,
324 1357 491 1432 destructio
521 1357 604 1442 legis.

276 1449 380 1512 Primo
408 1469 470 1512 non
496 1457 540 1510 est
562 1451 630 1510 vere
654 1446 855 1527 consuetudo,
889 1447 942 1514 sed
965 1448 1014 1535 'lex
1039 1454 1163 1538 scripta.
1195 1458 1228 1518 In

231 1559 293 1624 quo
328 1559 415 1601 sensu
450 1557 556 1601 rerum
591 1535 787 1614 estoxiorno:
818 1539 1008 1603 consuetudo
1034 1553 1079 1604 est
1112 1543 1231 1628 optimo

226 1627 306 1714 juris
326 1625 412 1690 dubii
440 1626 601 1710 interpres,
1068 1643 1070 1646 ·
1131 1701 1137 1714 .

274 1714 470 1780 Consuetudo
499 1715 623 1778 toleratu
652 1735 713 1777 non
738 1735 859 1799 semper
887 1715 1104 1806 estlegitime.

275 1804 471 1868 Consuetudo
498 1813 596 1889 potest
615 1801 754 1888 derogari
775 1805 829 1866 uni
847 1814 967 1872 tentum
992 1809 1069 1892 parti
1093 1809 1182 1894 legis.

192 1963 193 1967 ,
272 1897 314 1958 Ex
338 1895 472 1979 repetitis
487 1893 610 1956 ¹ortibus
640 1914 700 1955 non
723 1903 821 1976 potest
851 1894 916 1958 fieri
937 1909 969 1960 ut
992 1897 1075 1984 quod
1106 1919 1227 1981 semper

229 2004 265 2048 ex
294 1985 387 2068 gretia
417 1995 447 2048 et
472 1981 622 2046 beneficio
650 1982 830 2046 conceditur
855 1986 981 2070 justitiae
1002 1997 1086 2050 aetus
1107 1987 1225 2053 eradat.

203 2141 206 2144 ,
272 2076 310 2135 Ut
334 2072 528 2152 ‚oonsrwtudo
558 2071 596 2133 sit
624 2071 758 2156 legitimo
787 2084 816 2136 et
844 2076 968 2140 resultet
1000 2075 1057 2154 lex,
1085 2087 1225 2140 neeesse·
1300 2091 1328 2150 j¹

228 2163 282 2226 riae
308 2173 379 2247 sunt
404 2162 448 2226 hee
472 2160 674 2226 conditiones,

256 2257 303 2315 t.
353 2253 390 2313 Ut
417 2251 545 2314 nonsit
568 2250 719 2313 contraria
750 2248 807 2336 legi
835 2254 978 2333 naturali,
1009 2275 1063 2317 nec
1090 2253 1149 2340 legi
1176 2255 1225 2318 di·

226 2339 315 2418 vinae,
345 2353 375 2403 et
399 2339 502 2404 tendet
526 2341 556 2402 in
584 2339 700 2421 bonurn
726 2360 905 2406 commune.
932 2352 937 2370 “

267 2437 302 2494 2.
352 2432 580 2508 Utrenerceatur
599 2431 615 2490 d
636 2427 763 2492 maioma
793 2442 878 2514 porte
911 2433 1037 2500 eiviunr.

268 2523 289 2582 5
351 2521 427 2582 Cum
459 2518 627 2580 intentione
652 2539 715 2580 sese
740 2519 913 2605 obligandi.

268 2611 300 2672 d.
349 2609 520 2677 Reiectus
554 2607 754 2686 voluntarios,
787 2609 948 2694 publicos‚·
978 2609 1166 2698 frequentes,
1198 2619 1227 2673 et

223 2696 396 2761 continuos.
695 2719 699 2730 ¹
910 2727 924 2744 ·›

266 2789 306 2850 5:
348 2789 520 2849 Consensus
552 2807 721 2872 expressus,
759 2787 805 2851 vel
832 2787 966 2871 tacitus‚‘
987 2788 1038 2853 sed
1071 2788 1223 2876 juridicus

195 2875 413 2961 »legislatoris
480 2928 484 2932 .

264 2967 295 3032 6.
346 2968 383 3030 Ut
401 2965 553 3051 compleat
578 2975 700 3052 tempus
718 2970 732 3028 d
751 2965 815 3054 lege
836 2969 980 3032 anteriori
997 2968 1223 3052 prescriptum.
