2938 4770
168 565 171 568 '
259 554 325 617 I22
592 571 836 614 rnsrrrnrronnn

553 791 576 806 κ
654 774 765 840 XXIII.

258 907 389 992 Quando
422 917 522 972 antem
557 907 596 972 ob
630 908 858 973 accusationum
882 913 1057 996 qualitates,
1082 921 1134 998 ant
1167 910 1208 975 ob

215 997 273 1080 alia
303 997 445 1082 adjuncta
470 996 606 1082 pendens
633 1017 692 1060 non
716 996 753 1058 sit
777 1000 806 1060 in
830 1011 898 1063 actn
931 1001 1131 1065 intimationis
1158 1021 1209 1065 eas
1292 1029 1296 1032 ·

212 1085 394 1170 patefacere,
424 1087 455 1150 in
484 1088 540 1148 bae
565 1087 665 1150 solnm
694 1084 835 1150 innuitur
866 1090 999 1154 enrrdcm
1024 1090 1061 1154 ad
1084 1111 1207 1154 examen

213 1175 314 1238 vocari
336 1187 368 1238 ut
389 1197 453 1240 sese
475 1189 594 1239 excuset
617 1176 646 1238 in
671 1177 781 1260 Causa,
810 1200 877 1264 qnae
899 1179 999 1265 ipsnm
1021 1177 1205 1266 respicitnti

212 1276 400 1331 mmmmm.

656 1399 765 1467 XXIV.

193 1553 195 1558 ·
256 1533 287 1596 Si
312 1530 430 1619 judicIo
460 1535 564 1598 sistere
596 1532 723 1610 abnuat,
752 1535 878 1597 iteratur
911 1529 1052 1615 indictio,
1087 1537 1116 1598 In
1146 1558 1207 1622 qno

116 1631 121 1648 '
213 1621 312 1685 eidem
338 1621 505 1706 praefigitur
538 1644 709 1706 congraum
748 1625 988 1708 peremptorium
1026 1625 1205 1705 terminum,

109 1766 114 1774 .
213 1712 303 1796 eique
323 1710 513 1796 significator
535 1710 619 1797 qnod
642 1712 665 1774 si
687 1710 787 1774 adbuc
810 1711 936 1777 obedire
961 1725 1075 1787 renuat,
1112 1713 1205 1778 babe-

212 1799 297 1862 bitur
318 1821 373 1862 ccu
398 1813 572 1879 eontnmar3
598 1812 627 1862 et
653 1821 709 1884 pro
736 1801 786 1862 tali
822 1803 851 1864 in
882 1801 963 1865 Iacto
994 1803 1203 1876 estimabitur,

212 1901 361 1975 qnatenus
385 1889 500 1976 absque
524 1887 653 1973 probato
685 1889 820 1972 legitimo
853 1891 1085 1976 impedimento,
1120 1894 1232 1955 istamv

211 1999 336 2064 qnoque
357 1980 550 2063 posthaberet
573 1978 811 2042 intimationem.

663 2158 762 2220 aar.

257 2289 288 2352 Si
313 2303 501 2376 compareat,
535 2291 658 2356 auditnr
685 2291 714 2353 in
749 2291 896 2370 examine3
931 2302 960 2356 ct
991 2302 1141 2378 qnatenus
1177 2295 1207 2356 in

212 2377 372 2442 ductiones
397 2381 487 2446 faciat
507 2381 638 2468 alicujus
665 2381 827 2466 momenti,
856 2380 967 2445 debent
996 2383 1071 2460 istae,
1108 2405 1207 2468 qnan-

211 2481 277 2531 tum
303 2466 369 2530 fieri
390 2482 500 2557 potest,
521 2469 687 2536 exhauriri.
726 2515 730 2523 -

658 2647 766 2711 XXVI.

259 2784 443 2851 Proceditur
466 2783 537 2848 inde
562 2782 599 2847 ad
633 2783 885 2846 contestationem
921 2783 992 2846 facti
1033 2783 1208 2860 criminosi,

215 2887 244 2939 et
265 2875 499 2939 ccncInsionnm
529 2873 717 2953 habitarem,
747 2870 783 2932 ad
813 2872 1007 2936 retinendum
1035 2884 1208 2935 accusatum

215 2965 416 3029 criminosum
437 2965 617 3048 lapsumque
637 2962 669 3024 in
692 2959 824 3024 relativis
846 2963 943 3046 poenis
965 2962 1139 3025 canonicis.

645 3139 773 3206 XXVII.
866 3206 868 3210 ,

261 3280 364 3354 Quum
392 3284 560 3352 accusatus,
582 3273 633 3336 tati
656 3272 763 3355 modo,
792 3271 899 3336 babeat
920 3271 1042 3358 plenam
1065 3273 1214 3358 cognitio·

215 3387 285 3428 nem
312 3369 378 3450 ejus
400 3363 484 3450 qood
508 3363 537 3427 in
560 3364 633 3428 actis
655 3374 730 3426 extet
748 3374 853 3424 contra
875 3383 917 3439 se,
944 3361 1020 3427 nitra
1043 3362 1126 3448 qnod
1147 3384 1210 3426 res-

214 3453 484 3608 pondepetpossit
508 3456 578 3540 jure
600 3475 631 3516 sc
658 3449 842 3514 defendendi
881 3455 897 3512 a
922 3453 1085 3537 semetipso
1119 3451 1209 3515 etiam

216 3555 260 3606 utr
285 3565 317 3606 va
333 3565 348 3606 c
366 3590 373 3605 .

627 3675 798 3739 XXXVIII.

257 3813 360 3874 Potest
385 3831 520 3898 quoqne,
544 3807 584 3872 ·si
613 3807 644 3882 id
671 3801 799 3891 expetet,
825 3807 965 3874 obtinere
1000 3807 1207 3893 praefixionem

216 3901 340 3964 termini
360 3898 398 3962 ad
426 3896 628 3963 exhibendam
659 3897 870 3962 defensionem
898 3919 969 3961 cnm
1007 3898 1154 3986 memoria
1181 3898 1211 3960 in
1261 3903 1264 3910 “

216 3989 346 4074 scriptis,
368 3988 520 4074 praecipite
539 3987 662 4072 quando
682 3987 722 4051 ob
744 3986 978 4070 dispositionem
998 3988 1071 4049 Art.
1090 3985 1219 4049 XXIII

215 4077 385 4166 nequiverit
401 4087 524 4164 paratus
544 4097 607 4140 esse
629 4075 666 4140 ad
688 4095 832 4161 responsa
859 4089 915 4160 pro
935 4097 986 4138 sua
1008 4077 1209 4140 excusatione.
