2898 4776
612 597 852 642 crnourcrnuu
1139 581 1182 646 lb

171 763 173 769 .
235 709 286 778 sed
321 711 400 778 bane
427 733 515 777 seram
546 711 773 778 concessionem
800 735 834 778 en
864 711 981 778 ratione
1008 713 1240 796 constabilivit&

139 863 140 866 ,
234 801 318 889 quod
347 802 463 868 scilieet
486 801 544 888 ipsi
572 803 738 889 Regularas
763 823 800 868 eo
827 825 924 891 usque
950 802 982 868 in
1011 804 1101 870 dictis
1128 805 1224 891 parti·

234 891 291 956 ltus
313 891 421 956 Officio
443 889 574 958 Paroebi
606 890 703 956 functi
727 891 861 974 fuerant3
890 891 1002 957 additis
1028 894 1227 980 sequentibus

233 981 346 1064 verbis3
366 992 500 1065 propter
516 981 776 1066 Presbytererum
800 983 968 1064 desectum.
985 982 1106 1059 Quibus
1131 984 1231 1048 nimi-.
1311 981 1312 986 ’

227 1093 303 1135 τυιῐι
326 1069 427 1134 verbis
451 1069 522 1134 satis
540 1069 724 1150 ostenditur,
746 1069 940 1158 hujusmodi
957 1072 1140 1136 Litterarum
1162 1072 1226 1136 dis·
1336 1081 1337 1090 ’

233 1159 416 1246 positionem
437 1162 540 1226 locum
568 1159 679 1224 babere
703 1159 868 1241 dumtaxat,
887 1159 941 1225 ubi
960 1160 1073 1243 desint,
1092 1183 1148 1226 nec
1170 1161 1226 1226 ba·

228 1249 295 1314 beri
331 1249 449 1335 possint
486 1247 659 1336 Presbyteri
696 1250 855 1314 Seculares
892 1249 930 1313 ad
959 1251 1132 1314 animarum
1169 1273 1226 1314 eu·
1305 1295 1306 1302 κ

228 1361 295 1403 rem
324 1337 523 1404 exercendam
552 1337 668 1413 idonei,
696 1341 779 1426 juxta
805 1338 1041 1418 declarationem
1070 1337 1182 1405 editam
1206 1343 1225 1403 d

229 1427 331 1500 felicia
372 1428 595 1494 recordationi-s
632 1428 858 1493 Praedecessore
900 1439 1004 1496 nostro
1047 1428 1228 1493 Innocentio

227 1519 309 1603 Papa
347 1520 374 1580 X
402 1539 458 1602 per
494 1517 622 1582 Litteras
649 1516 840 1604 Apostolieas
867 1516 952 1582 datas
982 1517 1033 1582 die
1064 1521 1120 1582 XV
1146 1517 1224 1604 Maii

228 1605 309 1671 Auni
328 1608 537 1683 Muuxnvn,
554 1615 583 1670 et
603 1605 741 1672 Bullario
763 1607 906 1672 Romano
928 1609 1049 1672 Relatas
1077 1608 1175 1672 Temo
1199 1608 1231 1673 V

228 1696 309 1760 iuter
335 1697 402 1782 ejus
427 1694 586 1762 Pontideis
605 1696 843 1760 Constitutiones
867 1718 954 1762 num.
972 1697 1124 1773 XXXII,
1149 1718 1226 1784 qua.-

228 1783 441 1849 ruminatum
462 1795 518 1852 est:
546 1783 626 1849 Cum
642 1785 725 1850 sicut
742 1787 932 1869 accepimus;
944 1780 1002 1850 'ubi
1022 1785 1060 1850 dc
1082 1786 1139 1850 hac
1158 1788 1236 1872 ipsa„
1261 1845 1263 1850 ,

225 1873 321 1939 Plana
344 1873 569 1940 Constitutione
590 1871 759 1960 loquendo,
786 1876 890 1940 statuit
907 1876 1000 1940 illam
1017 1897 1079 1940 non
1099 1877 1228 1958 suffra-'

222 1963 312 2046 geri,
339 1965 405 2028 azbi
426 1965 460 2028 in
485 1964 567 2038 locis,
593 1964 649 2028 ubi
671 1974 719 2029 est
740 1961 882 2046 defectus
900 1960 1127 2030 Perechmam.
1189 1980 1194 1988 '

272 2059 319 2132 «5.
345 2055 379 2117 5.
427 2055 499 2118 Haec
519 2052 594 2117 olim
611 2073 667 2138 per
685 2056 751 2119 Nos
772 2054 865 2137 ipsus,
888 2053 963 2117 dum
993 2055 1024 2117 in
1049 2051 1224 2118 minoribus

225 2142 396 2223 constituti,
420 2141 673 2228 Congregationis
701 2140 913 2208 Cardinalium
936 2142 1224 2208 Concilii‘Triden-

224 2229 282 2295 tini
309 2227 513 2316 interpretum
543 2229 701 2297 Secretarii
728 2251 855 2295 munere
881 2231 1102 2318 fungebamur,
1133 2233 1223 2298 latius

224 2316 353 2385 deductu
368 2321 506 2399 suerunt,
523 2321 683 2385 occasione
702 2319 923 2406 propositionis
943 2321 1104 2408 cujusdem
1125 2343 1223 2385 uarrsae

222 2409 415 2486 Mexicance,
436 2406 506 2495 que
527 2408 637 2474 diebus
660 2420 766 2496 quarta
791 2407 880 2488 tutti,
910 2419 940 2473 et
966 2422 1069 2474 octaua
1092 2411 1222 2494 Augusti

170 2527 173 2534 ·
211 2500 304 2562 ¹ataui
326 2501 519 2564 MDCCXXH
537 2500 569 2564 in
594 2498 701 2564 eadem
726 2497 967 2585 Congregatione
992 2498 1124 2562 discussa
1146 2499 1220 2577 fuit,

223 2599 257 2650 ut
280 2588 381 2652 videre
403 2600 446 2652 est
465 2589 496 2652 in
516 2589 613 2665 Tamo
630 2588 672 2651 II
688 2587 849 2667 Thesauri
870 2589 1109 2654 Resolutz'onum
1126 2587 1220 2652 dictae

226 2676 488 2760 Congregationis
502 2731 505 2736 .
518 2679 657 2744 Caecilii.
676 2681 713 2742 Et
732 2683 870 2765 quamvis
890 2678 928 2741 ad
952 2679 1124 2741 instantiam
1145 2687 1219 2742 tune

223 2765 374 2836 existentis
402 2767 633 2854 archiepiscopi
661 2767 822 2848 Merinum,
850 2766 1062 2832 contendentis
1090 2767 1219 2833 liberum

223 2855 281 2918 sibi
310 2853 384 2918 'fieri
416 2855 605 2936 facultatem,
643 2866 676 2920 ut
707 2857 904 2922 Paroclriales
935 2857 1096 2939 Ecclesiae,
1129 2869 1219 2942 atque

221 2943 396 3021 Doctrinae,
428 2967 505 3031 quas
531 2945 701 3032 Regulares
729 2946 877 3031 privativo
903 2947 973 3029 jure
994 2945 1053 3008 sibi
1083 2944 1222 3009 vindiea-

222 3031 308 3117 bant,
323 3033 463 3100 conferre
483 3045 584 3120 posset
599 3035 689 3100 etiam
704 3035 891 3120 Presbyteris
909 3032 1121 3110 secutaribus,
1141 3057 1218 3121 quos

221 3143 334 3208 magno
362 3144 505 3208 numero,
529 3135 559 3188 et
589 3123 743 3210 requisitis
766 3123 965 3211 qualitatibus
995 3123 1157 3206 praedictos
1184 3123 1215 3187 in

221 3231 273 3274 sua
298 3212 427 3282 Dioecasi
454 3213 557 3277 adesse
581 3211 744 3292 asserebat,
773 3213 850 3277 nihil
870 3221 944 3276 tune
972 3211 1126 3277 definitive
1150 3234 1215 3275 res·

221 3301 354 3387 criptum
377 3299 481 3370 fuerit:
503 3302 714 3369 Nihilominus
733 3302 812 3366 hanc
834 3301 1016 3388 generaliter
1035 3303 1216 3366 seutentiam

220 3391 258 3455 ab
289 3391 352 3477 ipsa
385 3393 628 3480 Congregatione
655 3391 833 3470 admissam,
864 3401 1079 3477 receptumque
1104 3391 1218 3454 merni-

221 3480 336 3565 nimus,
368 3505 403 3546 ac
429 3504 486 3567 pro
510 3497 594 3547 certo
618 3492 766 3545 testamur
788 3480 871 3568 quod
897 3502 1019 3564 rnempe,
1045 3479 1218 3544 deficienti·

220 3568 279 3632 bus
293 3570 507 3636 tantummodo
525 3569 712 3658 Presbyteris
725 3569 941 3650 Saecularibus,
961 3568 1104 3656 praedicta
1122 3568 1218 3634 Plana

220 3658 404 3724 Constitutio
430 3664 532 3726 locum
559 3661 671 3725 habere
695 3659 829 3725 deberet.
859 3659 932 3722 Ideo
963 3668 1065 3722 autern
1094 3659 1215 3722 nullum

220 3748 251 3811 in
280 3770 313 3810 ee
342 3752 435 3813 Causa
466 3754 629 3814 Decretum
660 3761 733 3813 tunc
761 3749 880 3812 editum
906 3747 980 3827 luit,
1008 3748 1091 3835 quia,
1118 3770 1233 3834 quamn

218 3836 362 3922 predicta
391 3841 483 3903 Pane
510 3840 695 3902 Constitutio
723 3837 761 3902 ad
788 3838 963 3901 instantiam
989 3837 1080 3925 Regis
1101 3837 1215 3902 Catho-

218 3925 269 3990 lici
291 3927 429 4012 primum
455 3929 652 4012 emanaverit,
678 3937 707 3992 et
734 3949 842 3993 omnes
871 3926 1030 3992 Indiarum
1058 3927 1213 3992 Occiden-

217 4017 326 4080 talium
351 4017 502 4102 Regiones
521 4017 776 4103 comprehendat,
801 4017 877 4080 nibil
902 4015 1071 4102 prudenter
1091 4017 1215 4080 decerni

218 4126 307 4192 posse
338 4106 435 4174 risum
467 4105 539 4188 fuit,
569 4109 628 4174 nisi
659 4121 688 4174 et
716 4110 842 4174 Decreta
867 4106 999 4195 desuper
1025 4105 1142 4172 edenda
1170 4104 1212 4168 'ad

997 4195 1026 4268 7.
