2924 4770
635 596 862 640 cauourcnnurr
1127 581 1206 655 ,tbi

235 711 386 775 indirecte
407 733 477 774 vern
498 709 534 776 nd
559 711 652 776 fidem
677 712 829 813 pertinent
858 733 891 774 ea
923 707 1091 814 exquibus
1122 711 1237 796 negatis

233 801 432 898 consequitur
470 802 587 886 atiqnid
612 800 911 880 ctrrrtrariuuriidei3
937 801 1017 864 sicut
1046 802 1162 885 siquis
1188 801 1238 864 di-

233 879 314 956 ce'ret
338 893 511 955 Samuelem
538 912 598 954 non
620 891 715 954 fuisse
734 889 833 952 titium
857 893 1007 971 Helenae,
1025 912 1058 952 ex
1081 888 1138 953 boc
1154 892 1236 954 eninr

234 979 381 1066 sequitur,
406 979 594 1063 Scriptorum
622 980 757 1042 divinam
783 1001 845 1042 esse
869 978 994 1045 falsam.
1019 979 1103 1042 Circa
1131 979 1239 1066 bajus-

175 1118 177 1121 -
200 1111 203 1118 »
234 1069 317 1132 iundi
343 1090 415 1154 ergo
439 1069 554 1154 absque
578 1071 715 1154 pericuo
737 1068 857 1132 ireresis
878 1069 989 1152 aliquis
1008 1069 1118 1132 falsum
1141 1080 1243 1154 potest.

167 1227 169 1233 y
233 1157 367 1244 opinari
402 1167 566 1242 autequam
602 1157 814 1221 consideretur
846 1159 889 1222 vri
927 1158 1165 1223 deterurinatum
1201 1159 1240 1221 sit

233 1246 316 1334 quod
335 1269 368 1310 ex
382 1245 440 1310 boc
454 1249 590 1332 sequitur
603 1246 719 1332 aliquid
736 1248 925 1310 contrarium
944 1246 1030 1327 [idei-
1048 1259 1076 1310 et
1092 1248 1235 1325 maxime

217 1339 257 1416 xsi
291 1353 352 1400 non
377 1335 570 1438 pertinaciter
594 1336 746 1399 adhereat
770 1335 826 1399 Sed
853 1347 1014 1422 postqnanr
1022 1298 1235 1400 manifestum

235 1440 291 1510 cst,
310 1437 338 1490 et
354 1425 507 1509 praecipue
526 1427 550 1488 si
569 1426 683 1508 sitper
698 1425 862 1487 Euctesiam
884 1425 1131 1502 determinatum,
1154 1426 1237 1512 quod

231 1523 264 1580 ‘ex
288 1517 346 1579 boc
374 1516 515 1600 ¹sequitur
533 1542 547 1577 a
563 1513 647 1600 iqnid
671 1515 860 1578 contrarium
887 1513 972 1595 fidei,
998 1515 1027 1577 iu
1052 1515 1108 1578 boc
1133 1538 1235 1578 errare

233 1625 294 1668 nnn
314 1614 390 1668 esset
417 1603 531 1689 absque
552 1605 671 1668 haeresi.
692 1606 724 1664 Et
743 1617 867 1688 propter
883 1603 939 1668 hoc
961 1605 1055 1682 mqtta
1078 1625 1161 1672 'nunc
1186 1627 1235 1668 re-

232 1706 380 1776 putantur
400 1692 552 1772 haeretica,
573 1715 641 1779 quse
662 1693 747 1777 prius
773 1713 833 1754 raon
860 1692 1089 1777 reputabantur,
1111 1705 1237 1778 propter

234 1783 292 1846 boc
305 1781 387 1868 qnod
404 1803 483 1844 nnnc
495 1793 539 1845 est
547 1781 647 1868 uragis
662 1781 857 1844 ruanisestum
871 1782 945 1868 quid
959 1782 1239 1868 susbsequantur»

237 1870 406 1936 S..Tbom
431 1875 605 1956 [ηιμ]
631 1875 686 1950 52,
709 1873 762 1934 d.⁰

235 1963 313 2024 In
336 1961 441 2023 iraercsi
466 1983 526 2024 non
550 1961 720 2046 requiritur
743 1959 892 2023 terminus
909 1960 946 2023 ad
972 1980 1079 2046 quctu.

278 2051 455 2113 Jansenistac
486 2060 515 2114 et
541 2048 724 2113 dissidentes
746 2050 876 2112 baeretici
900 2064 983 2114 sunt.

278 2140 467 2230 Ignorantia
485 2140 625 2226 quamvis
646 2137 823 2222 culpabitis
843 2137 870 2200 si
891 2161 952 2203 uorr
973 2147 1017 2202 est
1035 2137 1183 2223 affectata,
1198 2140 1236 2204 ab

234 2228 341 2292 lraeresi
370 2241 499 2293 excrrsat.

278 2317 418 2382 Pertinax
438 2317 579 2380 dubius
572 2340 601 2378 ur
623 2315 697 2391 fide,
720 2314 853 2380 infideis
874 2327 932 2386 est.
1005 2349 1008 2354 ·

278 2410 377 2490 Super
396 2406 512 2470 Iudicis
532 2408 654 2491 rugatis:
676 2403 759 2488 (Vid.
778 2408 909 2487 Saiauur,
927 2411 976 2473 Η
991 2405 1081 2491 584).

278 2498 324 2558 De
350 2493 609 2580 disputationibus
630 2496 710 2558 circa
737 2494 830 2561 iidem
852 2495 915 2560 baec
945 2495 1036 2560 babet
1057 2499 1086 2560 S.
1104 2493 1239 2558 Thomas

234 2589 286 2649 tf
309 2606 355 2669 p.,
381 2609 409 2670 q.
434 2589 506 2670 52„
533 2591 595 2649 tt:
623 2588 720 2650 «Cum
742 2588 824 2648 enim
845 2585 956 2671 aiquis
981 2586 1018 2649 nd
1044 2581 1235 2670 probandam

234 2673 329 2737 iidem
366 2673 485 2738 inducit
521 2677 652 2738 rationes
687 2695 755 2759 quae
790 2699 849 2739 non
881 2687 952 2738 sunt
981 2686 1137 2760 cogentes,
1157 2672 1238 2736 cedit

233 2763 265 2826 in
304 2763 476 2826 irrisionem
516 2765 703 2830 intidetinm.
742 2765 877 2828 Credunt
904 2765 986 2827 enim
1015 2763 1098 2849 quod
1132 2762 1239 2848 bujos-

234 2851 321 2916 modi
345 2852 516 2916 rationibus
536 2853 719 2934 innitamur,
742 2866 771 2918 et
797 2865 921 2937 propter
945 2876 994 2916 cas
1014 2850 1237 2916 credamus.-

234 2944 309 3018 Quae
343 2941 435 3026 igitur
459 2940 529 3005 fidei
560 2953 643 3024 suut,
675 2963 736 3007 non
761 2953 832 3005 sunt
856 2941 996 3004 tentanda
1030 2941 1154 3025 probari
1179 2940 1264 3003 nisi'

232 3051 322 3115 per
316 3031 510 3094 auctoritates
545 3032 590 3094 bis
614 3031 666 3116 qui
696 3033 889 3096 auctoritates
924 3031 1106 3113 suscipiunt.
1141 3028 1232 3113 Apud

233 3119 310 3181 alins
333 3138 404 3183 cero
428 3121 542 3183 sufticit
565 3120 729 3186 defendere
758 3143 819 3184 non
848 3141 911 3184 esse
940 3117 1133 3203 impossibiie
1151 3116 1237 3205 quod

233 3207 379 3292 praedicat
413 3208 489 3272 fides
526 3209 624 3294 (Unde
661 3211 827 3296 Dionysius
862 3208 937 3272 dicit
967 3210 1024 3292 (De
1059 3207 1120 3273 dir.
1148 3228 1233 3272 uoru.

232 3317 302 3381 cap.
335 3299 381 3383 2).
421 3299 471 3361 nSi
494 3299 605 3384 aliquis
638 3312 682 3362 est
710 3301 762 3386 qui
790 3299 923 3363 totaliter
952 3299 1083 3384 eloquiis
1109 3295 1234 3378 resistit,

231 3385 322 3467 longe
345 3387 443 3450 eritd
472 3400 571 3451 nnstra
597 3388 807 3476 philosophia.
831 3390 860 3451 Si
890 3398 991 3451 eutem
1020 3387 1058 3450 ed
1078 3386 1235 3450 veritatem

232 3475 440 3578 eloquiorum,
464 3477 578 3541 scilieet
602 3501 775 3568 sacrorffum
803 3477 939 3563 respicit,
966 3476 1076 3540 bocet
1101 3498 1155 3540 uos
1180 3497 1233 3538 ca·
1300 3487 1304 3496 '

232 3581 316 3628 trorrc
340 3566 491 3631 utimur»

489 3761 675 3826 CONTRA
697 3761 987 3828 RELIGIONEM.
1046 3771 1049 3778 '

277 3922 376 4004 Super
398 3920 497 3985 abusu
516 3922 689 3987 adducendi
716 3923 806 3988 verba
831 3925 862 3988 S.
889 3917 1112 4004 Scripturas...
1143 3925 1236 3986 «Post

233 4007 309 4088 itare,
332 4011 530 4073 temeritatem
549 4015 633 4076 ittam
656 4016 822 4098 reprimere
850 4012 968 4094 volens,
992 4010 1154 4098 (synodus)
1174 4035 1232 4098 qua

187 4177 191 4188 ι
232 4097 269 4162 ad
298 4099 424 4186 proauo
449 4121 575 4187 ‹praeque
599 4115 831 4188 convcr,tuntor
857 4113 886 4165 et
911 4110 1094 4187 torquentur
1127 4103 1231 4181 rerba,

1014 4194 1057 4253 ts
