2938 4770
239 485 284 546 bi
576 500 824 544 rnsrrrurronuu

242 619 315 700 Cup.
340 618 398 679 tr.
451 613 500 678 «Si
531 612 610 676 circu
645 615 810 685 Norerien.
840 613 1030 701 Episcopum
1058 613 1204 681 debitum

200 705 406 791 inquisitionis
432 702 573 766 ordinem
606 704 802 787 observastis,
828 704 1049 768 discretionum¹
1067 717 1197 770 restrum

200 797 230 856 i'n
265 794 403 858 Domino
429 791 694 858 commendemus.
719 793 749 855 Si
776 816 851 860 uero·
877 795 1014 880 quotibet
1037 795 1198 861 occasione

201 882 451 968 pretermiss-istis
482 880 639 963 eumdem,
663 881 764 944 adbuc
793 881 893 966 ipsum
920 893 1057 967 tempor-e
1082 904 1199 970 oppos·

199 983 284 1036 tuno·-
311 975 453 1034 rotumus
485 969 655 1034 observari:
691 991 728 1034 no
761 971 832 1037 inde
863 986 1026 1036 nascentur
1062 973 1196 1058 injurios,

200 1061 281 1124 unde
301 1063 369 1146 jorn
400 1071 575 1122 nuscuntur.
601 1059 737 1145 Ideoque
765 1061 961 1139 mandamns,
986 1071 1136 1146 quotenus
1161 1058 1199 1125 ud

198 1150 393 1214 eonscientiee
417 1153 520 1213 vestrae
538 1148 691 1234 judicium
713 1163 922 1233 recurrentes‚.
935 1152 958 1213 si
979 1160 1092 1214 contro·
1104 1172 1198 1237 praes·

197 1239 333 1324 criptum
353 1238 494 1300 ordinem
515 1249 671 1323 tamquam
693 1238 834 1304 homines
858 1241 1035 1304 excessistis:
1058 1261 1119 1303 non
1141 1261 1200 1324 pu-

199 1329 342 1392 deutrus
364 1347 500 1409 errorem
525 1330 845 1415 uestrum'corriqere,
867 1327 920 1416 qui
937 1327 1036 1414 positi
1061 1326 1145 1410 estis,
1169 1339 1202 1390 ot

133 1465 137 1472 .
199 1418 331 1488 oliorum
355 1415 514 1502 corrigatis
539 1438 669 1480 errores:
692 1419 846 1502 quonium
866 1417 951 1503 apud
972 1415 1114 1482 Iudicem
1137 1417 1201 1481 dis*

200 1507 338 1580 trintum,
367 1506 395 1569 in
418 1527 477 1591 quc
501 1526 642 1568 mensure
667 1507 764 1571 mensi
791 1508 923 1590 fueritis,
949 1507 1125 1572 remetietur
1146 1527 1202 1571 vo·

201 1595 259 1660 bis:
276 1595 314 1657 itu
333 1594 485 1678 uidelicet,
504 1605 537 1656 ut
564 1594 724 1659 inuenietis
751 1597 963 1660 occassionem
978 1597 1118 1682 ntiquom·
1131 1617 1203 1660 con·

202 1695 373 1772 gruentem,
392 1706 446 1768 per
462 1705 556 1768 quem
576 1683 625 1768 (ne
644 1696 739 1748 vestro
757 1687 878 1749 nitescet
893 1684 1069 1772 auctoritas)
1087 1695 1201 1772 quanto
1292 1757 1293 1762 η

203 1775 322 1837 cautius
338 1782 368 1836 et
384 1772 566 1858 prudentius
586 1773 736 1857 poteritis,
755 1773 978 1859 supersedentis
998 1774 1042 1838 ad‘
1056 1793 1200 1858 proesens:

201 1864 349 1948 quonism
375 1883 409 1924 ex
433 1861 494 1941 uis,
521 1883 589 1947 quae
618 1861 790 1926 inordinate
814 1875 885 1926 sunt
910 1876 985 1944 scta,
1012 1885 1077 1927 non
1105 1872 1207 1948 potest

203 1951 420 2016 ordinabiliter
445 1951 505 2034 agi.
533 1951 572 2040 Si(
589 1971 659 2014 vero
685 1953 905 2038 praescripturns
929 1953 1071 2018 ordinem
1096 1967 1201 2016 custo·

203 2039 288 2104 distis
321 2041 406 2102 omni
440 2040 534 2126 grstia
563 2048 596 2102 et
624 2040 735 2105 timore
762 2043 1081 2127 postpositiqbeum
1100 2043 1208 2106 sotum

206 2130 351 2192 hebentes
376 2150 443 2213 prce·
466 2129 576 2206 oculis,
604 2129 650 2194 sic
677 2131 758 2216 regis
785 2130 972 2215 incedentes,
1002 2132 1067 2207 sinc
1095 2146 1202 2218 perso·
1256 2161 1259 2166 ·

205 2241 315 2282 narum
340 2219 519 2304 aceeptione
546 2218 576 2282 in
603 2220 731 2306 negotio
752 2219 966 2306 procedetiso·

249 2401 323 2482 Cap.
351 2401 406 2464 ts:
457 2397 662 2460 «Discretioni
692 2411 802 2462 vestre·
827 2399 1007 2464 mundemus
1036 2396 1120 2482 quod
1147 2395 1213 2458 nisi·
1259 2441 1264 2451 -

207 2509 299 2572 super
324 2485 477 2571 predictis
501 2483 648 2572 (delictis)
673 2487 788 2551 fornum
814 2487 911 2574 ipsius
936 2490 1042 2551 besum.
1062 2507 1126 2550 esse
1150 2507 1206 2550 uo-

206 2576 322 2638 reritis:
348 2595 401 2638 vos
424 2573 464 2637 ud
487 2575 721 2660 inquisitionem
754 2579 880 2641 iliorum
909 2599 971 2640 non
1003 2576 1105 2640 subito
1131 2595 1205 2662 pro·

206 2664 356 2728 cedatis.»

251 2756 325 2838 Cep.
352 2755 408 2833 21,
433 2771 555 2838 paragr.
572 2757 605 2822 t:
630 2755 897 2840 «Respondemus,
921 2755 1047 2820 nulium
1067 2773 1215 2839 essepros

206 2842 350 2928 erimine,
366 2863 459 2928 super
483 2864 545 2928 quo
564 2843 665 2930 ciiquu
686 2866 746 2908 non
773 2845 891 2910 loborat
914 2845 1053 2924 infamio,
1074 2865 1125 2906 seu
1146 2842 1215 2905 cis--

206 2954 292 2996 mose
324 2931 492 2995 insinuatio
521 2953 582 2995 non
608 2935 800 3018 processerit,
832 2945 959 3019 propter
984 2931 1063 2998 dictu
1094 2933 1205 3018 hujus·

206 3021 293 3086 modi
320 3019 526 3105 puniendum:
547 3022 689 3107 quinimo
711 3045 802 3110 super
824 3024 883 3087 hoc
904 3023 1111 3108 depositiones
1130 3040 1205 3086 con·
1229 3063 1232 3066 ι

207 3125 254 3174 tro
278 3131 349 3173 eum
377 3110 471 3194 recipi
491 3131 552 3173 non
579 3109 703 3196 debere,
728 3135 804 3178 curn.
826 3112 985 3198 inquisitio
1010 3111 1075 3176 fieri
1099 3109 1211 3174 debeat

205 3197 403 3263 solummodo
428 3220 520 3284 super
544 3197 619 3279 illis,
642 3200 680 3264 de
703 3203 817 3288 quibus
838 3204 988 3266 clamores
1010 3200 1104 3287 ntiqui
1128 3219 1206 3284 prae*
1222 3198 1232 3202 ”

207 3300 375 3354 cesserunt.
404 3291 466 3353 Nec
490 3287 528 3352 cd
560 3291 738 3375 petitionem
764 3313 896 3376 eorum,·
912 3290 965 3378 qui
990 3291 1134 3354 tibettum
1153 3288 1204 3359 in·

206 3379 383 3442 demotionis
408 3377 571 3463 porrigunt
603 3379 634 3442 in
668 3381 802 3455 occuito,
834 3379 1064 3466 procedendum
1089 3389 1145 3449 est.
1168 3375 1211 3440 ud

209 3468 440 3555 inquisitionem
461 3489 554 3553 super
578 3468 729 3532 contentis
749 3469 868 3534 ibidem
887 3468 1070 3548 criminibus
1087 3467 1206 3536 sscien·

208 3558 293 3621 darn.
323 3559 386 3620 Aut
412 3557 506 3620 etiunr
534 3555 678 3622 adsersus
704 3579 768 3640 eos,
801 3570 906 3624 contro
933 3579 1011 3646 quos
1040 3557 1074 3623 nc
1101 3554 1207 3642 inqui-

207 3645 291 3727 sitio,
318 3645 394 3708 bdes
417 3645 591 3710 adhibenda
619 3658 664 3710 est
690 3646 779 3713 dictis
803 3670 925 3728 eorum,
956 3648 1010 3734 qni
1034 3657 1102 3733 post
1119 3647 1207 3730 juru-

206 3746 346 3799 mentum
368 3731 414 3798 vel
441 3747 523 3818 ante,
548 3736 638 3800 tacite
663 3737 709 3801 rel
733 3755 884 3825 expresse,
907 3735 1051 3801 inimicos
1073 3759 1103 3800 se
1128 3752 1211 3797 osse·

207 3836 279 3888 runt
304 3823 502 3900 eorumdem,
530 3827 587 3889 nisi
610 3825 713 3890 forsan
736 3841 805 3892 onte
828 3831 1038 3914 juramentum
1064 3826 1095 3888 in
1120 3823 1206 3886 frou-

208 3915 279 3978 deut
311 3913 341 3977 id
371 3913 470 3976 facere
503 3911 762 3998 praesumsntums
800 3949 803 3954 ·
815 3965 1118 3984 ......
1145 3913 1208 3975 Pfl·

207 4026 286 4090 rogr.
312 4007 346 4069 2:
376 4005 525 4088 uPropter
553 4004 671 4070 fontem
693 4019 722 4070 et
747 4005 975 4094 deponentium
997 4003 1211 4070 credulitatem
