2938 4770
281 589 323 650 96
606 603 852 648 xnsrxrumouunr

236 729 299 784 tur.
318 716 437 782 'Verum
458 719 497 780 ita
518 715 681 781 vo'uerunt
705 717 867 802 providere
892 715 1038 801 Prolatis,
1067 740 1104 784 ne
1122 720 1231 785 crimi-

236 819 384 872 narentur
415 808 540 893 injuste,
567 817 599 869 ut
628 819 728 871 tamen
763 817 914 886 caverent,
948 829 988 871 ne
1018 807 1231 895 delinquerent

237 897 415 962 insolenter:
452 909 556 960 contra
588 897 732 960 morbum
758 907 923 982 utrumque
949 896 1138 975 invenientes
1166 921 1231 964 me·

237 985 372 1049 diuinam
401 1006 581 1070 congruam:
618 985 759 1049 videlicet
788 995 822 1048 ut
847 983 1017 1048 criminalis
1051 989 1230 1068 accussatio,

236 1095 304 1162 quae
327 1073 364 1138 sd
388 1073 626 1138 diminutionem
653 1075 772 1159 eapitis,
791 1073 821 1137 id
842 1085 895 1144 est,
913 1073 1191 1158 degradationem
1183 1099 1232 1140 xn-

234 1162 383 1240 tenditur,
415 1163 471 1226 nisi
500 1163 633 1248 legitma
671 1161 859 1249 praecedat
852 1164 1023 1248 inscriptio,
1055 1163 1232 1230 nullatenus

232 1214 423 1316 admittatixr
463 1249 522 1314 Sed
554 1273 627 1316 cum
656 1275 748 1338 super
780 1252 949 1316 excessibus
970 1253 1033 1318 suis
1066 1254 1228 1340 quisquam

233 1339 327 1406 fuerit
353 1341 531 1421 infamatus,
564 1351 597 1402 nt
617 1342 682 1430 jam
713 1342 835 1407 clamor
856 1339 1010 1419 ascendat,
1031 1342 1091 1427 qui
1116 1343 1232 1407 diutius

234 1430 300 1494 sine
324 1430 468 1495 scandalo
494 1391 682 1494 dissimulari
711 1453 771 1495 non
797 1431 902 1516 possit,
922 1431 969 1496 vel
999 1429 1064 1494 sine
1094 1434 1231 1516 periculo

232 1519 356 1584 tolerari
365 1519 513 1604 ,absque
540 1518 742 1584 dubitationis
769 1541 914 1604 scrrxpuo
944 1517 981 1582 ad
1010 1519 1232 1606 inquirendum

232 1619 262 1672 et
286 1608 479 1693 puniendum
506 1609 573 1692 ejus
596 1631 743 1692 excessus,
774 1631 835 1672 non
866 1631 900 1672 cx
923 1607 988 1672 odii
1018 1609 1136 1688 fomite,
1179 1611 1230 1675 sed

232 1697 389 1762 charitatis
415 1696 599 1783 procedatur
628 1697 749 1762 affectu:
780 1709 930 1783 quatenus
954 1697 978 1762 si
1003 1698 1097 1762 fuerit
1133 1701 1231 1783 gravis

231 1793 379 1864 excessus,
402 1787 458 1850 etsi
482 1808 543 1850 nen
567 1786 750 1871 degradetur.
769 1787 807 1850 ab
827 1787 947 1862 ordine,
970 1786 1008 1850 ab
1029 1787 1228 1851 administra·

231 1875 315 1939 tione
349 1886 450 1939 tamen
487 1887 665 1939 amoveatur
695 1876 838 1940 omnino:
873 1875 957 1961 qued
982 1886 1027 1938 est
1055 1877 1228 1962 ¹secandum

230 1965 410 2048 sententiam
437 1965 649 2049 Evangelicam
674 1968 690 2028 a
712 1966 898 2029 villicatione
920 1964 1054 2032 villicum
1079 1967 1225 2048 amoveri,

230 2052 284 2140 qui
309 2075 369 2116 non
392 2063 492 2138 potest
517 2053 713 2119 villicationis
736 2076 798 2118 suae
820 2053 946 2139 dignam
973 2053 1100 2118 reddere
1134 2057 1228 2120 ratio·

230 2163 314 2208 nem.
341 2141 439 2206 Debet
458 2141 552 2226 igitur
570 2165 635 2207 esse
654 2165 787 2227 praesens
809 2143 847 2226 is,
869 2154 974 2206 contra
995 2165 1087 2228 quem
1114 2143 1226 2209 facien·

230 2229 301 2294 dam
329 2243 371 2295 est
400 2231 569 2318 inquisitio,
590 2233 648 2295 nisi
667 2253 698 2295 se
719 2253 772 2315 per
798 2232 1024 2297 contumaciam
1050 2233 1227 2298 absentave-

230 2320 282 2384 rit:
310 2331 340 2384 et
366 2320 544 2405 exponenda
571 2331 642 2388 sunt
665 2321 691 2384 ei
709 2322 771 2385 ¹illa
797 2321 943 2404 capitula,
967 2320 1004 2384 de
1027 2322 1141 2408 quibus
1160 2323 1228 2386 sare*

228 2409 270 2473 rit
300 2409 535 2496 inquirendum,
564 2421 597 2472 ut
626 2410 800 2473 facxxltatem
826 2409 936 2475 babeat
959 2409 1084 2474 defendi
1120 2433 1150 2475 se
1179 2413 1229 2496 ip-

228 2519 310 2562 sum:
339 2511 368 2561 et
394 2520 455 2562 non
482 2501 583 2562 sulum
607 2498 699 2582 dictu,
722 2499 774 2562 sed
798 2501 890 2563 etiarn
916 2501 1040 2562 nomina
1064 2497 1129 2584 ipss
1165 2511 1228 2564 tes-

227 2588 307 2650 tium
330 2596 401 2649 sunt
423 2586 450 2650 ei
469 2586 532 2671 (ut,
551 2587 630 2672 'quid
648 2592 714 2651 etsi
742 2611 804 2674 quo
835 2589 873 2652 sit
897 2587 1027 2666 dictant,
1065 2588 1226 2678 appareat)

227 2674 428 2761 publicanda,
444 2683 503 2740 'nec
519 2697 579 2755 non
598 2677 789 2762 exceptiones
806 2688 835 2740 ct
854 2678 1067 2762 replicationes
1082 2679 1225 2763 legitimae

227 2763 437 2828 admittenda:
452 2787 489 2829 ne
509 2786 562 2850 per
581 2767 830 2853 suppressionem
845 2767 1022 2852 neminum,
1038 2766 1225 2850 infamandi,

226 2875 283 2939 per
307 2854 520 2940 exceptionum
551 2877 622 2920 xero
654 2856 859 2920 exclusionem
889 2855 1062 2940 deponendi
1093 2856 1221 2940 falsum,

226 2943 353 3008 audacia
385 2943 573 3028 praebeatur.
601 2943 648 3008 nd
675 2945 873 3030 corrigendos
898 2946 1000 3031 itaque
1027 2944 1224 3026 subditorum

227 3041 375 3111 excessua,
415 3042 499 3096 tanto
532 3033 708 3119 diligentius
744 3034 834 3098 debet
870 3035 1017 3098 Praelatus
1052 3056 1222 3119 assurgere,

226 3135 342 3208 quanto
358 3121 565 3186 damnabilius
585 3146 691 3187 eorum
710 3122 839 3187 offensas
859 3123 1010 3188 desereret
1025 3125 1220 3189 incorrectus.

177 3240 179 3252 ·
226 3215 337 3275 Contra
369 3231 459 3296 quos,
493 3225 529 3274 ut
554 3211 592 3276 dc
622 3213 751 3277 notoriis
784 3212 957 3276 excessibus
990 3224 1137 3295 taceatur,
1167 3213 1222 3276 etsi

137 3295 139 3300 ’
225 3300 324 3375 tribus
344 3299 445 3362 modis
461 3301 555 3384 possit
574 3302 711 3387 procedi.
734 3323 788 3386 per
809 3302 1048 3373 accussationem
1067 3301 1220 3383 videlicet,

225 3388 488 3452 denuntiationem
527 3399 556 3452 et
590 3391 821 3475 inquisitionem
859 3392 1011 3475 ipsorum:
1047 3401 1081 3455 ut
1117 3406 1221 3454 tamen

224 3479 256 3541 in
281 3477 428 3542 omnibus
447 3476 478 3540 di
491 3479 578 3564 vigens
603 3479 786 3543 adhibeatur
821 3481 951 3561 caritela,
978 3479 1014 3544 ne
1038 3480 1133 3562 sorte,
1169 3502 1223 3565 per

223 3566 288 3630 leve
309 3566 529 3667 compendium
552 3567 591 3631 ad
612 3591 700 3653 grave
729 3568 926 3652 dispendium
956 3569 1105 3635 veniatur:
1141 3569 1221 3634 sicut

223 3655 461 3720 accussationcm
493 3657 626 3743 legitima
656 3657 747 3721 debet
773 3658 942 3744 precedere
969 3653 1142 3761 inscriptio,
1173 3658 1216 3722 sic

224 3755 255 3808 et
274 3743 540 3810 denuntiationem
561 3745 736 3812 charitativa
768 3749 911 3826 mentitio,
935 3758 964 3812 et
991 3748 1222 3834 inquisitionem

223 3836 357 3912 clamosa
382 3834 548 3899 insinuatio
568 3839 746 3921 praesentire:
770 3837 825 3900 ille
851 3859 972 3922 semper
991 3837 1130 3901 adbibita
1148 3857 1217 3900 mn

222 3907 392 4004 deramine,
418 3935 451 3986 ut
471 3927 554 4011 juxta
582 3926 714 4026 formam
742 3926 866 4012 judicii
900 3949 951 3990 sen
954 3927 1060 3990 crxtroe
1091 3946 1216 4014 quoque

222 4010 322 4076 forma
345 4012 509 4083 dictetur.»

266 4105 384 4166 Dato
373 4125 389 4165 a
417 4104 592 4189 Superiore,
628 4116 660 4168 ut
690 4102 808 4188 judice,
840 4095 1047 4190 inquisitionis
1077 4103 1214 4190 decreto,
