2924 4770
265 641 336 724 Ἢ452
599 655 844 698 xusrxxuxxonuar

264 771 349 833 Circa
372 770 648 834 internuntiorum
670 780 697 832 ct
717 778 886 849 externum,
909 767 1075 832 fraternam
1093 793 1215 836 correc-

130 890 134 904 ·
168 901 169 904 =
221 861 336 922 tionem
368 884 402 924 nc
433 872 525 944 prout
556 859 705 923 correctio
735 869 778 919 est
809 857 929 932 iustitiae
960 867 1058 934 actus,
1090 862 1213 925 cuinam

219 961 346 1034 utraque
372 961 535 1034 competat,
568 949 636 1034 quis
665 958 765 1009 autern
791 943 862 1008 finis
887 948 1057 1033 utriusque,
1088 951 1212 1034 qnando

219 1038 361 1101 alterutra
394 1036 587 1112 dimittenda,
616 1037 812 1122 praelatorum
841 1037 996 1118 potestatis
1024 1039 1157 1102 extensio
1179 1041 1210 1102 in

158 1174 159 1183 t
218 1125 276 1190 hac
299 1125 490 1213 re,'quando
515 1125 648 1212 deniquo
668 1137 696 1187 et
718 1123 876 1210 qiromudo
899 1124 1051 1210 arguenda
1070 1139 1141 1190 sunt
1160 1150 1212 1212 pu-

218 1215 298 1278 blice
322 1229 456 1300 peccata,
487 1217 603 1301 placeat
622 1214 728 1278 audire
750 1217 780 1295 S.
803 1213 929 1280 Thom:
955 1215 1009 1278 «In
1033 1214 1102 1279 loro
1122 1239 1211 1281 cons·

219 1304 336 1366 cieotiae
360 1328 448 1367 cansa
476 1306 576 1392 agitur
605 1307 682 1384 inter
711 1303 868 1367 hominem
895 1317 924 1366 et
946 1305 1057 1388 uenm3
1088 1305 1118 1368 in
1143 1305 1211 1370 loro

218 1404 319 1458 antem
345 1395 501 1459 exterioris
524 1393 634 1478 judicii
664 1414 750 1456 cansa
772 1392 872 1476 agitur
892 1391 1026 1457 hominis
1049 1392 1087 1456 ad
1112 1393 1212 1458 homi·

149 1478 154 1482 ’
218 1505 304 1560 nem;
326 1493 355 1546 et
379 1484 448 1548 ideo
468 1483 620 1547 absolutio
637 1484 683 1546 vel
705 1483 821 1568 ligatio,
844 1504 911 1566 quae
938 1503 1033 1544 unum
1055 1482 1212 1550 hominem

219 1571 336 1654 obligat
358 1573 459 1658 quoad
482 1576 581 1636 Deum
610 1583 742 1642 tuntum,
771 1571 901 1655 pertinet
918 1569 962 1633 ,nd
987 1571 1091 1634 f‘oruni
1111 1575 1213 1657 poeni-

217 1660 330 1742 tentiae,⁸
359 1662 412 1725 sed
441 1663 490 1724 illa
518 1682 584 1748 quac
616 1662 774 1726 hominem
801 1661 917 1746 obligat
945 1662 978 1721 in
1004 1663 1210 1744 comparatio·

218 1771 294 1812 uem,
319 1749 357 1814 ad
384 1752 460 1814 alius
485 1751 637 1830 homines,
668 1753 709 1816 ad
738 1750 841 1812 lorum
871 1749 1032 1834 pubiicum
1059 1753 1213 1816 exterioris

219 1838 331 1923 judicii
358 1842 524 1924 pertinet.»
549 1846 570 1904 lx
595 1843 694 1917 Sent,
718 1839 788 1902 dist.
817 1841 850 1918 8,
881 1862 912 1922 q.
934 1843 967 1919 2,
988 1850 1047 1904 art.
1067 1843 1109 1916 2.Ι

266 1931 441 1993 «Correctio
464 1929 670 2016 delinquentis
693 1940 735 1994 est
757 1927 913 2012 quoddam
938 1927 1108 1990 remedium
1130 1929 1212 2014 quod

220 2017 317 2080 dehet
334 2017 474 2084 adhiberi
497 2030 600 2081 contra
622 2031 779 2102 peccatum
807 2015 1137 2100 alicujnsrPeccatum
1157 2040 1213 2079 au-

140 2117 143 2125 '
176 2113 178 2124 '
218 2121 279 2166 tum
306 2107 437 2194 alicujus
458 2108 622 2191 dupliciter
646 2105 833 2170 considerari
862 2113 966 2188 potest:
993 2107 1059 2188 'uno
1087 2105 1213 2192 quidem

219 2193 326 2275 modo,
349 2197 379 2258 in
400 2209 548 2282 quantum
565 2209 608 2262 est
629 2197 770 2260 nocivum
791 2195 817 2256 ei
838 2195 889 2280 qui
911 2207 1027 2280 peccat,
1044 2197 1104 2260 alio
1123 2195 1213 2258 inodo

219 2284 250 2344 in
275 2296 425 2367 qnantum
450 2288 544 2371 vergit
568 2288 597 2348 in
622 2297 840 2349 nocumentum
858 2285 1002 2366 aliorum,
1020 2285 1071 2370 qni
1093 2307 1126 2348 ex
1148 2287 1214 2366 ejus
1258 2307 1259 2310 ’

219 2386 345 2455 peccpto
370 2374 534 2450 leeduntnr,
558 2377 603 2439 vel
627 2375 880 2452 scandalizentur,
905 2385 933 2435 et
955 2375 1045 2435 etiam
1069 2374 1099 2436 in
1121 2395 1231 2458 quan·-

218 2472 284 2522 tntu
307 2474 350 2524 est
372 2465 402 2524 in
423 2479 648 2549 nocumentum
674 2464 746 2526 boni
769 2463 956 2540 cinamomo,
988 2465 1076 2548 cujus
1099 2463 1213 2548 justitia

219 2572 275 2633 per
293 2553 451 2634 peccatum
474 2553 607 2630 hominis
629 2553 835 2636 perturbatur.
862 2552 980 2633 Duplex
1001 2573 1072 2636 ergo
1091 2563 1135 2614 est
1152 2573 1217 2614 cor·
1292 2565 1309 2596 a

219 2640 315 2702 rectio
331 2639 555 2725 ,delinquentim
577 2664 636 2704 urta
657 2641 782 2726 quidem
805 2663 873 2726 quee
893 2639 1018 2703 adhibet
1043 2640 1213 2703 remedium
1274 2669 1278 2680 ·

219 2739 355 2811 peccato,
381 2731 410 2792 in
431 2743 580 2815 quantum
598 2744 641 2794 est
660 2731 818 2816 quoddam
838 2729 953 2792 malurn
973 2730 1068 2814 ipsius
1089 2751 1214 2810 peccan-

220 2817 271 2900 tis,
292 2830 321 2880 ct
343 2815 397 2880 ista
420 2832 463 2882 est
484 2821 608 2905 proprie
631 2821 762 2884 fraterna
788 2820 948 2900 correctio,
969 2841 1037 2904 qnae
1053 2817 1214 2884 ordinatur

219 2905 258 2968 ad
279 2906 524 2972 emendationem
549 2909 754 2994 delinquentis
790 2961 797 2974 .
847 2909 849 2912 ’
851 2956 1211 2973 .......

219 2995 284 3058 Alia
308 3019 378 3059 vero
401 2999 550 3062 correctio
571 3011 614 3062 θεῖ
643 3021 710 3084 quae
738 2997 863 3062 adhibet
889 2997 1058 3062 remedium
1091 3008 1213 3080 peccato

220 3083 439 3170 delinquentis
464 3088 634 3151 secundum
657 3087 740 3174 quod
760 3099 804 3152 est
826 3088 855 3154 in
878 3096 995 3152 matum
1017 3088 1162 3168 aliorum,
1186 3099 1215 3148 et

218 3176 373 3258 praecipnc
397 3176 427 3238 in
453 3190 671 3240 nocumentum
692 3177 868 3239 communis
889 3177 975 3256 boni3
1000 3189 1029 3238 et
1049 3174 1115 3238 talis
1142 3196 1213 3239 cor-

220 3262 315 3325 rectio
340 3275 384 3326 est
405 3277 489 3328 actus
509 3267 644 3352 justitiae,
669 3271 758 3350 cujus
780 3277 823 3328 θεῖ
845 3286 1025 3328 conservare
1052 3263 1210 3327 rectitudi-

220 3373 290 3414 nem
311 3353 435 3438 justitiae
456 3357 547 3418 unius
570 3356 607 3418 ad
629 3357 794 3419 alterum.»
824 3358 872 3416 2⁸
896 3359 974 3435 Μ,
1000 3378 1030 3440 q.
1055 3357 1109 3428 55,
1135 3360 1168 3416 l.
1202 3373 1208 3432 ζ

266 3443 405 3526 «Duplex
423 3456 466 3506 cst
485 3447 646 3508 correctio:
670 3467 728 3506 una
749 3442 873 3530 quidem
894 3457 1021 3529 quaeest
1042 3452 1126 3505 actus
1140 3443 1213 3505 cha-

221 3529 329 3610 ritatis,
354 3554 420 3616 quae
450 3536 624 3617 specialiter
648 3533 746 3596 tendit
770 3532 806 3595 cd
836 3532 1079 3597 emendationem
1111 3531 1213 3594 fratris

193 3659 196 3665 -
221 3617 426 3704 delinquentis
446 3644 500 3706 per
526 3623 697 3707 simplicem
720 3622 976 3706 admonitionem3
1002 3633 1030 3685 et
1053 3619 1120 3683 talis
1142 3641 1213 3684 cor-

220 3709 315 3770 rectio
340 3711 468 3792 pertinet
497 3712 534 3775 ad
557 3711 727 3797 quemlihet
748 3712 926 3774 charitatem
952 3711 1126 3788 habentem,
1151 3710 1213 3772 sire

221 3797 425 3879 sitsuhditns,
445 3802 505 3865 sive
525 3803 678 3887 praelatus.
697 3804 749 3864 Est
769 3815 870 3864 autem
891 3801 948 3862 alia
966 3799 1128 3882 correctio,
1145 3820 1212 3883 quae

220 3895 264 3945 est
285 3898 369 3950 actus
383 3890 519 3973 justitiae,
537 3913 696 3978 perquam
713 3889 882 3953 intenditur
899 3889 1015 3952 honum
1032 3887 1210 3965 commune,

219 3973 303 4058 quod
333 3997 393 4039 nou
415 3978 515 4042 solum
544 3994 727 4066 procuratur
755 4001 806 4061 per
828 3979 1071 4042 admonitionem
1095 3975 1208 4055 fratris,

219 4061 272 4126 sed
300 4065 390 4128 etiam
423 4067 577 4132 interdum
609 4092 661 4154 per
687 4069 892 4152 punitionem,
918 4081 950 4130 ut
972 4067 1023 4131 alii
1047 4074 1064 4130 ai
1087 4076 1212 4150 peccato

219 4154 362 4218 timentes
380 4155 544 4244 desistant,
572 4170 605 4222 et·
626 4158 694 4222 talis
717 4158 867 4222 correctio
899 4156 936 4220 ed
966 4158 1057 4222 solos*
1072 4155 1212 4244 praelatos
