2938 4770
266 543 332 623 lca
593 577 840 620 rnsrrrorrcnnn

220 694 336 767 tentiae,
369 711 433 776 que
460 689 584 775 impone
617 710 675 774 pcr-
698 689 865 777 justisimas
900 711 1026 755 resones
1060 692 1088 756 el
1126 694 1216 759 triste·

220 779 315 845 deber
349 778 386 843 de
411 778 630 849 denonciaral
652 780 834 860 solicitante.
870 845 871 848 ,

264 873 315 933 5.²
360 869 512 953 Respecto
535 871 550 931 d
570 865 616 932 los
636 869 766 954 clerigos
783 867 1032 950 concubinarios,
1057 870 1209 956 copo-..de-

185 1025 187 1030 ,
218 959 273 1022 lito
309 980 349 1022 no
379 979 426 1021 sea
461 957 597 1042 pdbliro,
624 956 700 1022 debe
732 958 853 1022 bacerse
888 956 1148 1026 ordinariamente
1181 962 1220 1026 lo

220 1047 344 1127 mismo,
372 1068 475 1133 ¹ccmo
495 1069 526 1110 se
551 1045 616 1109 dira
643 1047 733 1132 lrrego
764 1069 800 1110 en
834 1045 862 1110 la
891 1047 1004 1111 leacidn
1032 1050 1122 1112 XLV.

170 1199 173 1204 .
198 1183 201 1190 «
263 1135 315 1202 Μ
359 1139 421 1199 Por
445 1135 568 1212 riltimo,
583 1136 609 1198 el
629 1136 806 1221 expediente
830 1134 907 1198 debe
923 1158 972 1199 ser
995 1135 1153 1200 reservado
1173 1160 1214 1203 en-

219 1225 312 1290 todos
337 1223 475 1310 aqnellos
499 1246 584 1288 casos
613 1247 648 1287 en
674 1247 733 1310 qne
761 1225 789 1289 el
820 1224 945 1310 prelado
979 1228 998 1290 b
1028 1228 1098 1311 juez
1131 1229 1210 1291 ecle-

218 1315 339 1378 siastieo
375 1312 505 1398 procede
542 1313 579 1376 de
611 1313 715 1395 clleio,
747 1336 765 1400 p
799 1315 828 1376 la
860 1313 1043 1398 poblicidad
1070 1313 1143 1380 cede
1173 1339 1216 1380 en·

218 1403 407 1469 detrimento
437 1402 474 1466 dc
499 1401 525 1466 la
558 1405 654 1466 moral
682 1403 817 1490 pdbtice,
845 1401 882 1466 dc
906 1403 1141 1488 corporaciones
1161 1429 1210 1469 re-

216 1493 352 1578 ligiosas,
391 1495 410 1555 b
440 1491 477 1555 de
502 1490 635 1576 familias
661 1513 678 1577 y
707 1513 850 1578 personas
880 1491 952 1554 bien
986 1493 1159 1574 repntadas,
1190 1488 1218 1558 bs·-

218 1581 273 1645 dar
298 1581 420 1646 ccasibn
447 1580 484 1644 dc
511 1579 677 1644 esedndalo
705 1585 721 1644 a
752 1583 797 1645 los
826 1580 941 1644 debiles
968 1601 988 1665 p
1015 1581 1052 1645 dc
1074 1581 1218 1649 ludibrio

219 1675 235 1734 ir
262 1670 306 1736 los
334 1669 483 1755 impiosy-
509 1671 665 1754 enemigcs
688 1670 733 1734 de·
754 1671 779 1734 la
800 1670 919 1754 lglesia,
946 1671 997 1733 los
1015 1672 1128 1753 coeles,
1152 1693 1216 1736 con
1292 1729 1294 1734 .

219 1779 356 1844 perversa
388 1759 497 1844 logica,
533 1761 636 1822 sacten
675 1781 759 1824 sacar
787 1758 1021 1823 conseruencios
1058 1763 1218 1845 generales
1289 1831 1290 1836 γ

219 1845 257 1912 de
295 1848 407 1914 beebos
437 1845 648 1934 particulares,
682 1835 825 1930 alslados,
858 1871 876 1934 y-
908 1869 948 1910 ne
981 1869 1081 1912 como
1106 1851 1211 1935 quiere

220 1959 317 2014 noros,
344 1937 410 2002 sinc
442 1937 610 2020 rarisimos,
643 1959 662 2022 y
690 1938 837 2022 preristos
867 1959 902 2022 ya
932 1959 988 2021 por
1017 1940 1042 2000 la
1068 1940 1216 2024 lglesiac

266 2030 337 2090 «5³
367 2022 450 2090 'Auo
483 2028 529 2090 los
552 2025 721 2090 tribunales
748 2028 898 2090 seculares
922 2027 1026 2090 snelen
1056 2038 1140 2092 tener
1172 2029 1215 2092 las·

219 2115 308 2178 sistas
328 2115 472 2179 decanea
492 2119 507 2178 d
533 2126 639 2199 puerta
659 2114 781 2179 cerreda
807 2114 928 2178 caando
950 2136 981 2178 se
1000 2127 1096 2179 tratan
1117 2139 1211 2180 asun-

207 2195 265 2268 'tos
294 2203 426 2289 de'gran
452 2203 626 2278 lubrieidad
654 2209 673 2269 b
699 2203 852 2288 profonda
883 2205 1070 2290 corrupcibn
1100 2207 1216 2286 moral,¹

218 2315 236 2379 p
263 2315 320 2358 con
346 2295 453 2358 mucha
480 2317 545 2373 inas
570 2297 667 2359 raabn»
684 2294 761 2358 debe
786 2294 908 2358 bacersc
933 2315 971 2356 en
999 2295 1045 2359 los
1071 2295 1211 2359 eclesias·

164 2450 165 2456 ἵ
217 2384 332 2450 ticos.»¹
357 2385 485 2456 Solazar,
513 2381 559 2448 ld.

262 2473 348 2536 Cir-ca
362 2472 592 2536 celeberrimam
608 2473 824 2561 qtraestlonem,
835 2495 903 2558 qnae
918 2470 1112 2536 meticulosas
1123 2493 1213 2537 cons·

218 2561 345 2629 cienties
362 2563 454 2624 nimis
470 2561 638 2645 exagitarit,
658 2573 760 2624 utrum
779 2584 850 2626 reus
870 2575 1009 2625 teneatur
1028 2562 1118 2646 plane
1136 2583 1213 2626 con·

218 2649 297 2713 fiteri
324 2649 425 2714 omnia
451 2661 480 2713 et
503 2650 624 2732 singula
650 2649 688 2714 de
717 2651 878 2737 quibusa
901 2649 1005 2735 judice
1041 2650 1133 2714 fucrit
1162 2653 1212 2713 in-

218 2750 404 2824 terrogatos,
427 2751 528 2804 nostra
554 2739 685 2804 facimus
712 2739 776 2804 haec
802 2739 974 2804 Veecbietti
999 2738 1102 2804 rerba:
1134 2741 1213 2802 «Ve-

219 2849 286 2890 rum
314 2829 435 2914 litigans
469 2851 528 2891 non
556 2839 676 2911 tenetur
703 2828 888 2914 respondere
909 2828 1215 2914 ,interrogationibus

217 2918 380 3002 perplexis,
411 2917 526 2989 dubiis,
550 2918 711 2998 obscuris,
744 2917 887 3020 captiosis
922 2917 967 2982 ad
990 2939 1113 2983 causam
1150 2939 1212 2982 non

218 3005 454 3089 pertinentibus,
482 3008 545 3071 imo
566 3031 620 3072 nec
641 3030 722 3090 rens,
752 3031 783 3070 sn
801 3006 894 3094 judex
921 3029 982 3070 non
1010 3007 1144 3092 legitime
1163 3007 1213 3070 in-

219 3106 361 3180 terroget,
389 3097 480 3178 veluti
501 3097 874 3182 sislneritincompetens,
898 3106 1068 3182 suspectos,
1095 3107 1148 3160 aut
1166 3097 1215 3160 in-

219 3195 350 3268 terroget
382 3183 420 3246 de
453 3186 573 3251 occulto
602 3187 745 3266 crimine,
776 3208 838 3249 non
867 3183 1069 3270 obstringitur
1095 3185 1213 3249 crimen

217 3272 319 3358 ipsnnr
351 3273 493 3358 prodere,
521 3274 594 3339 «sed
616 3277 715 3359 potest
743 3275 788 3338 rel
818 3296 873 3360 per
895 3275 1147 3359 appellationem,
1169 3274 1215 3338 vel

216 3364 305 3426 aliter
332 3363 414 3428 licite
446 3355 751 3450 subterfugere,o'ut
778 3362 867 3427 dccet
892 3365 923 3426 S.
949 3364 1082 3430 Thomas
1115 3367 1148 3445 2,
1179 3367 1213 3447 2,

216 3450 325 3536 «pell,
344 3474 372 3520 a.
397 3458 429 3516 l.
448 3453 495 3516 An
518 3476 599 3534 reus,
627 3453 651 3516 si
678 3452 770 3539 juder
797 3451 941 3538 legitime,
969 3465 999 3515 et
1026 3464 1143 3516 serrato
1161 3455 1234 3539 jn-

217 3539 258 3602 ris
286 3539 410 3623 ordine,
438 3543 613 3628 interroget,
637 3544 792 3605 veritatem
820 3562 940 3626 semper
964 3543 1083 3626 aperire
1109 3551 1214 3605 tenca·

217 3641 278 3711 tor,
299 3631 426 3715 ‹prraestio
444 3643 501 3713 est,
520 3631 558 3696 de
574 3651 633 3717 qua
655 3631 723 3696 vide
748 3633 779 3698 S.
802 3631 897 3716 Alpb.
916 3627 955 3693 de
979 3631 1114 3716 Ligario.
1135 3629 1156 3698 l,
1178 3633 1212 3710 5,
1256 3697 1261 3708 ,

215 3741 249 3781 n,
274 3721 362 3796 45ss
381 3734 413 3784 et
436 3721 457 3787 l.
480 3725 514 3804 lt,
540 3743 571 3786 n.
598 3723 675 3796 ΖΜ,
698 3719 750 3808 qni
771 3720 938 3804 negativam
958 3719 1139 3784 sententiam
1163 3740 1214 3782 sa-

215 3808 255 3870 tis
280 3807 469 3890 probabilem
491 3820 586 3893 potat,
610 3809 667 3874 ubiz
690 3811 789 3896 agitur
811 3808 849 3873 de
874 3807 1214 3894 gravi‹da1nno,qu0d

215 3918 248 3958 cx
275 3897 466 3962 confessione
492 3899 665 3980 immineat;
692 3899 833 3986 qui-nimo
862 3897 1000 3962 additio
1028 3896 1214 3984 quibusdam
1269 3957 1278 3967 ,

214 4007 318 4050 rerum
349 3985 500 4051 adiunctis
534 3993 624 4053 renm²
649 4011 737 4074 posse
771 3991 887 4071 jurare,
920 4009 951 4051 se
982 3989 1098 4072 crimen
1132 3984 1213 4050 band

214 4076 415 4164 commisisse,
437 4075 708 4165 subintelligendo,
730 4088 879 4164 quatenos
901 4075 1041 4142 confiteri
1061 4085 1210 4156 teneatur,
