2938 4770
621 519 866 563 INSTITUTIONUM

639 801 774 880 NUM.
801 813 842 880 9.

248 1004 335 1065 TRES
356 1002 535 1054 ACTIONES
558 1002 623 1053 SEU
641 1002 777 1053 PARTES
795 1002 1033 1058 ESSENTIALES
1052 1003 1242 1069 Juu1cr1.-

549 1110 937 1163 LIBELLUS.-CITATIO.

292 1263 369 1324 Cum
395 1258 455 1322 sint
481 1268 541 1322 tres
569 1278 707 1343 personae
734 1259 907 1323 essentiales
928 1259 960 1324 in
984 1257 1118 1346 judicio,
1145 1268 1180 1322 ut
1210 1279 1243 1321 ex

248 1354 315 1436 ejus
338 1347 520 1413 delinitione
548 1356 677 1429 constat,
703 1358 798 1426 actor,
827 1370 898 1412 rcus
919 1359 948 1412 et
966 1347 1071 1435 judex,
1097 1358 1127 1412 et
1149 1346 1242 1414 cuili-

247 1439 299 1504 bet
316 1457 454 1522 personae
475 1436 598 1521 propria
623 1438 705 1500 actio
718 1436 968 1525 correspondeat,
989 1438 1127 1524 sequitur
1148 1438 1241 1501 etiam

247 1549 311 1591 esse
338 1539 400 1589 tres
420 1525 554 1590 actiones
584 1546 638 1588 seu
669 1536 769 1611 partes
791 1527 964 1592 essentiales
985 1527 1109 1614 judicii:
1143 1524 1242 1591 actori

246 1613 414 1708 ¹respondet
439 1613 573 1694 libellus,
603 1636 656 1679 reo
681 1614 743 1681 litis
761 1616 956 1692 contestatio,
983 1615 1082 1704 judici
1109 1615 1245 1702 denique

250 1707 412 1769 sententia.
610 1708 613 1716 '

290 1793 427 1857 Libellus
449 1802 505 1856 est:
527 1792 640 1856 actoris
659 1793 790 1880 petitio,
816 1815 876 1880 que
907 1793 993 1880 qnid,
1017 1817 1079 1881 quo
1101 1797 1185 1882 jure,
1216 1802 1246 1857 et

246 1894 351 1948 contra
372 1904 465 1969 quem
491 1892 582 1967 petat,
606 1880 705 1970 judici
729 1885 862 1970 exponit.
887 1883 1057 1948 Vitandum
1093 1882 1179 1970 quod
1206 1881 1246 1947 sit

182 2011 185 2019 ·
245 1972 385 2058 illegalis,
412 1979 455 2035 vet
478 1971 611 2056 ineptus,
639 1973 683 2036 vel
701 1973 862 2037 obscurus:
883 1974 914 2037 in
941 1975 1043 2058 primo
1074 1981 1145 2037 casu
1165 1984 1242 2036 esset

243 2065 360 2140 nullus,
384 2062 415 2124 in
441 2060 509 2124 aliis
529 2058 654 2124 daretur
677 2073 781 2127 contra
803 2085 875 2126 eurn
898 2063 1035 2148 exceptio
1060 2061 1215 2126 dilatoria.

287 2154 360 2215 Post
380 2151 534 2234 libellum,
562 2173 632 2214 eum
658 2151 804 2216 omnibus
831 2151 1020 2240 requisitisi
1044 2153 1111 2237 lege
1131 2150 1240 2215 redae·

180 2273 182 2280 1
242 2252 321 2324 tum,
350 2241 433 2305 venit
462 2238 579 2319 citatio,
608 2241 675 2326 quae
701 2251 757 2304 est:
785 2240 899 2327 judicis
923 2251 1020 2321 octus,
1056 2262 1112 2326 per
1146 2261 1239 2327 quem
1316 2237 1332 2291 Ϊ

131 2365 134 2374 v
242 2353 313 2394 reus
332 2331 362 2393 in
386 2327 540 2415 judicium
561 2340 697 2394 vocatur.
721 2330 831 2396 Citatio
850 2342 893 2396 est
912 2331 1128 2416 consequentia
1149 2340 1239 2393 natu·

243 2421 315 2483 ralis
345 2417 440 2482 libelli
466 2418 544 2482 bene
570 2418 696 2498 redacti,
722 2420 761 2483 ita
786 2431 828 2502 ot,
849 2441 881 2486 ee
906 2419 1032 2495 omissa,
1066 2419 1151 2482 nulla
1184 2417 1240 2482 de-

241 2521 292 2572 tur
311 2508 472 2571 sententia:
487 2518 530 2570 est
550 2508 634 2572 eninr
655 2516 761 2572 contra
784 2509 883 2594 legem
905 2510 1074 2573 naturalem
1094 2507 1241 2572 damnare

240 2599 284 2661 vel
309 2596 467 2662 absolvere
488 2596 637 2681 aliquem,
663 2596 716 2684 qui
739 2597 861 2663 auditus
888 2599 1023 2662 nonsit.
1056 2598 1143 2662 Circa
1168 2617 1240 2682 per·

240 2686 348 2750 sonam
368 2684 483 2774 judicis
505 2685 626 2748 citantis
644 2687 784 2772 praetiosa
806 2698 876 2751 sunt
896 2687 989 2753 verba
1011 2687 1169 2768 Auctoris,
1189 2708 1240 2750 ex·

240 2797 343 2861 pressa
369 2774 425 2842 lib.
450 2777 500 2850 5.,
521 2775 567 2840 tit.
596 2777 645 2854 5.‚
667 2797 789 2862 paragr.
816 2779 872 2841 ⁴5:
907 2778 1090 2854 «Quoniam
1115 2775 1240 2858 delega-

239 2876 289 2928 tus
308 2863 401 2950 judex
424 2865 555 2927 alienam
569 2861 824 2952 ¹jurisdictionem
850 2877 978 2950 exercet,
1006 2865 1161 2930 citationis
1183 2864 1238 2933 de·

150 2973 152 2980 ’
239 2966 323 3018 creto
348 2951 546 3017 inserendum
571 2965 616 3016 est
639 2955 812 3040 exemplum
842 2955 1027 3036 litterarum,
1057 2955 1172 3040 quibus
1205 2953 1234 3017 ei

239 3065 328 3107 causa
350 3043 513 3106 commissa
532 3056 577 3106 est
599 3043 662 3132 (l);
690 3065 760 3128 narn
787 3065 876 3110 secus
899 3049 965 3130 ejus
984 3043 1164 3128 jurisdictio
1185 3063 1238 3106 reo

180 3203 182 3207 ,
238 3143 394 3218 comperta
414 3143 444 3195 et
467 3131 617 3219 explorata
646 3155 710 3198 esse
744 3155 805 3197 non
836 3144 947 3218 potest.
971 3135 1001 3196 Si
1042 3133 1239 3198 manifestum

239 3223 288 3299 sit,
316 3212 454 3305 judicem
485 3242 545 3286 non
566 3244 634 3286 esse
657 3232 893 3306 competentem,
925 3244 995 3286 rens
1021 3222 1059 3286 ad
1091 3243 1162 3302 eum
1192 3223 1237 3285 ire

238 3331 301 3374 non
328 3309 461 3396 cogitur3
486 3311 510 3374 si
535 3307 565 3375 id
589 3311 750 3374 manifesto
777 3333 838 3375 non
860 3322 986 3386 constet,
1015 3333 1085 3376 reus
1102 3310 1234 3375 omnino

237 3399 358 3484 cogitur
377 3399 483 3464 sistere
506 3423 538 3465 se
560 3399 671 3487 judici,
699 3402 788 3485 cujus
815 3411 860 3464 est
884 3403 1049 3475 aestimare,
1081 3423 1156 3464 nrrm
1181 3420 1236 3472 suu

237 3489 275 3551 sit
297 3487 471 3574 jurisdictio
503 3491 582 3577 (2).»
613 3492 648 3554 ln
676 3489 819 3554 citatione
844 3490 1079 3577 exprimendum
1108 3501 1152 3554 est
1176 3511 1234 3554 no·
1268 3526 1280 3568 3

251 3650 522 3690 *ιῳοι

270 3760 308 3828 (t)
346 3763 404 3828 Cap.
422 3775 447 3817 2.
463 3764 492 3812 dc
505 3761 585 3810 Dilat.
601 3753 685 3822 Quod
701 3756 774 3813 forte
797 3757 922 3826 primum
937 3757 1001 3826 jure
1028 3756 1171 3813 canonico
1189 3771 1240 3812 ex-

235 3845 330 3900 presse
348 3831 537 3888 constitutum
556 3827 677 3892 videtur,
690 3830 738 3887 secl
757 3835 852 3884 tamen
873 3829 1003 3884 alienum
1026 3835 1145 3884 nonest
1166 3827 1239 3897 aju-

236 3907 274 3956 ris
293 3903 418 3958 Romani
439 3899 591 3958 sententia.
610 3903 643 3955 L.
662 3905 730 3953 unic.
748 3905 796 3954 cod.
813 3905 842 3953 de
860 3903 976 3953 suamet.
1005 3903 1081 3953 Prin:
1098 3903 1130 3953 L.
1146 3913 1169 3964 ,ς
1187 3903 1240 3954 cod.

237 3977 266 4026 dc
288 3976 353 4040 Jur.
372 3979 431 4042 fisc.
453 3978 496 4028 lib.
523 3991 567 4026 ιο.

273 4043 310 4117 (ῗ)
348 4050 380 4101 L.
402 4065 419 4100 ε
432 4050 468 4112 ff.
484 4049 513 4099 Si
529 4046 585 4113 quis
602 4045 685 4111 injus
699 4053 775 4096 vocat.
793 4063 843 4096 non
862 4046 943 4105 ierit.,·
957 4046 990 4100 L.
1022 4057 1045 4107 5
1058 4047 1094 4109 ff,
1110 4046 1140 4095 de
1154 4043 1242 4109 Judic.
