<?xml version="1.0" encoding="UTF-8"?>
<!DOCTYPE html PUBLIC "-//W3C//DTD XHTML 1.0 Transitional//EN"
    "http://www.w3.org/TR/xhtml1/DTD/xhtml1-transitional.dtd">
<html xmlns="http://www.w3.org/1999/xhtml" xml:lang="en" lang="en">
 <head>
  <title>
</title>
<meta http-equiv="Content-Type" content="text/html;charset=utf-8" />
  <meta name='ocr-system' content='tesseract 3.04.00' />
  <meta name='ocr-capabilities' content='ocr_page ocr_carea ocr_par ocr_line ocrx_word'/>
</head>
<body>
  <div class='ocr_page' id='page_1' title='image "./institutioncano00gomegoog_0065.png"; bbox 0 0 2898 4776; ppageno 0'>
   <div class='ocr_carea' id='block_1_1' title="bbox 258 561 828 622">
    <p class='ocr_par' dir='ltr' id='par_1_1' title="bbox 258 561 828 622">
     <span class='ocr_line' id='line_1_1' title="bbox 258 561 828 622; baseline 0.004 -7"><span class='ocrx_word' id='word_1_1' title='bbox 258 561 302 622; x_wconf 78' lang='lat'><strong>60</strong></span> <span class='ocrx_word' id='word_1_2' title='bbox 582 575 828 617; x_wconf 79' lang='lat' dir='ltr'><strong>rusmrurmnuar</strong></span> 
     </span>
    </p>
   </div>
   <div class='ocr_carea' id='block_1_2' title="bbox 181 685 1284 2376">
    <p class='ocr_par' dir='ltr' id='par_1_2' title="bbox 181 685 1284 2376">
     <span class='ocr_line' id='line_1_2' title="bbox 214 685 1222 774; baseline -0.002 -21"><span class='ocrx_word' id='word_1_3' title='bbox 214 690 403 774; x_wconf 67' lang='lat' dir='ltr'><strong>possideant,</strong></span> <span class='ocrx_word' id='word_1_4' title='bbox 429 697 458 750; x_wconf 89' lang='lat' dir='ltr'><strong>et</strong></span> <span class='ocrx_word' id='word_1_5' title='bbox 479 708 534 772; x_wconf 89' lang='lat' dir='ltr'><strong>per</strong></span> <span class='ocrx_word' id='word_1_6' title='bbox 555 687 683 750; x_wconf 76' lang='lat' dir='ltr'><strong>vicarios</strong></span> <span class='ocrx_word' id='word_1_7' title='bbox 717 699 881 774; x_wconf 88' lang='lat' dir='ltr'><strong>perpetuos</strong></span> <span class='ocrx_word' id='word_1_8' title='bbox 909 687 1137 768; x_wconf 65' lang='lat' dir='ltr'>administrent,</span> <span class='ocrx_word' id='word_1_9' title='bbox 1169 685 1222 751; x_wconf 89' lang='lat' dir='ltr'><strong>ad·</strong></span> 
     </span>
     <span class='ocr_line' id='line_1_3' title="bbox 214 775 1210 862; baseline -0.002 -20"><span class='ocrx_word' id='word_1_10' title='bbox 214 789 325 842; x_wconf 81' lang='lat' dir='ltr'><strong>nntrrm</strong></span> <span class='ocrx_word' id='word_1_11' title='bbox 349 776 542 862; x_wconf 71' lang='lat' dir='ltr'><strong>superiorum</strong></span> <span class='ocrx_word' id='word_1_12' title='bbox 566 775 750 862; x_wconf 72' lang='lat' dir='ltr'><strong>regularium</strong></span> <span class='ocrx_word' id='word_1_13' title='bbox 775 777 966 859; x_wconf 83' lang='lat' dir='ltr'><strong>amoribiles;</strong></span> <span class='ocrx_word' id='word_1_14' title='bbox 990 799 1053 842; x_wconf 93' lang='lat' dir='ltr'><strong>non</strong></span> <span class='ocrx_word' id='word_1_15' title='bbox 1080 799 1149 840; x_wconf 86' lang='lat' dir='ltr'><strong>vera</strong></span> <span class='ocrx_word' id='word_1_16' title='bbox 1172 775 1210 840; x_wconf 87' lang='lat' dir='ltr'><strong>ad</strong></span> 
     </span>
     <span class='ocr_line' id='line_1_4' title="bbox 215 865 1209 954; baseline -0.002 -26"><span class='ocrx_word' id='word_1_17' title='bbox 215 880 323 932; x_wconf 87' lang='lat' dir='ltr'><strong>nutum</strong></span> <span class='ocrx_word' id='word_1_18' title='bbox 356 865 585 952; x_wconf 88' lang='lat' dir='ltr'><strong>episcoporum,</strong></span> <span class='ocrx_word' id='word_1_19' title='bbox 625 865 681 927; x_wconf 89' lang='lat' dir='ltr'><strong>nisi</strong></span> <span class='ocrx_word' id='word_1_20' title='bbox 718 877 810 950; x_wconf 86' lang='lat' dir='ltr'><strong>prout</strong></span> <span class='ocrx_word' id='word_1_21' title='bbox 840 869 870 930; x_wconf 93' lang='lat' dir='ltr'><strong>in</strong></span> <span class='ocrx_word' id='word_1_22' title='bbox 897 870 965 954; x_wconf 76' lang='lat' dir='ltr'><strong>jure</strong></span> <span class='ocrx_word' id='word_1_23' title='bbox 994 877 1121 934; x_wconf 85' lang='lat' dir='ltr'><strong>cautum</strong></span> <span class='ocrx_word' id='word_1_24' title='bbox 1153 875 1209 944; x_wconf 84' lang='lat' dir='ltr'><strong>est,</strong></span> 
     </span>
     <span class='ocr_line' id='line_1_5' title="bbox 214 954 1210 1042; baseline -0.003 -23"><span class='ocrx_word' id='word_1_25' title='bbox 214 957 368 1042; x_wconf 87' lang='lat' dir='ltr'><strong>supposita</strong></span> <span class='ocrx_word' id='word_1_26' title='bbox 404 955 595 1018; x_wconf 87' lang='lat' dir='ltr'><strong>institutione</strong></span> <span class='ocrx_word' id='word_1_27' title='bbox 625 955 784 1019; x_wconf 88' lang='lat' dir='ltr'><strong>canoniea:</strong></span> <span class='ocrx_word' id='word_1_28' title='bbox 820 976 949 1042; x_wconf 88' lang='lat' dir='ltr'><strong>namque</strong></span> <span class='ocrx_word' id='word_1_29' title='bbox 979 955 1038 1018; x_wconf 88' lang='lat' dir='ltr'><strong>tale</strong></span> <span class='ocrx_word' id='word_1_30' title='bbox 1062 958 1113 1042; x_wconf 87' lang='lat' dir='ltr'><strong>jus</strong></span> <span class='ocrx_word' id='word_1_31' title='bbox 1142 954 1210 1016; x_wconf 89' lang='lat' dir='ltr'><strong>ina-</strong></span> 
     </span>
     <span class='ocr_line' id='line_1_6' title="bbox 215 1042 1210 1128; baseline -0.004 -19"><span class='ocrx_word' id='word_1_32' title='bbox 215 1045 391 1110; x_wconf 87' lang='lat' dir='ltr'><strong>muvilitatis</strong></span> <span class='ocrx_word' id='word_1_33' title='bbox 420 1053 557 1128; x_wconf 84' lang='lat' dir='ltr'><strong>respectu</strong></span> <span class='ocrx_word' id='word_1_34' title='bbox 584 1042 833 1121; x_wconf 71' lang='lat' dir='ltr'><strong>ordinariorum,</strong></span> <span class='ocrx_word' id='word_1_35' title='bbox 860 1067 919 1108; x_wconf 70' lang='lat' dir='ltr'><strong>nata</strong></span> <span class='ocrx_word' id='word_1_36' title='bbox 947 1045 1048 1108; x_wconf 79' lang='lat' dir='ltr'><strong>saltim</strong></span> <span class='ocrx_word' id='word_1_37' title='bbox 1072 1065 1132 1107; x_wconf 86' lang='lat' dir='ltr'><strong>nen</strong></span> <span class='ocrx_word' id='word_1_38' title='bbox 1159 1065 1210 1106; x_wconf 85' lang='lat' dir='ltr'><strong>re-</strong></span> 
     </span>
     <span class='ocr_line' id='line_1_7' title="bbox 215 1131 1213 1220; baseline -0.004 -22"><span class='ocrx_word' id='word_1_39' title='bbox 215 1147 331 1220; x_wconf 80' lang='lat' dir='ltr'><strong>pugnat</strong></span> <span class='ocrx_word' id='word_1_40' title='bbox 354 1134 494 1196; x_wconf 87' lang='lat' dir='ltr'><strong>instituto</strong></span> <span class='ocrx_word' id='word_1_41' title='bbox 515 1132 742 1217; x_wconf 86' lang='lat' dir='ltr'><strong>religiosorum,</strong></span> <span class='ocrx_word' id='word_1_42' title='bbox 769 1155 876 1198; x_wconf 80' lang='lat' dir='ltr'><strong>veruna</strong></span> <span class='ocrx_word' id='word_1_43' title='bbox 894 1133 983 1198; x_wconf 88' lang='lat' dir='ltr'><strong>etiarn</strong></span> <span class='ocrx_word' id='word_1_44' title='bbox 1007 1133 1149 1220; x_wconf 88' lang='lat' dir='ltr'><strong>congruit</strong></span> <span class='ocrx_word' id='word_1_45' title='bbox 1166 1131 1213 1194; x_wconf 82' lang='lat' dir='ltr'><strong>val</strong></span> 
     </span>
     <span class='ocr_line' id='line_1_8' title="bbox 214 1219 1213 1309; baseline -0.002 -23"><span class='ocrx_word' id='word_1_46' title='bbox 214 1226 284 1309; x_wconf 83' lang='lat' dir='ltr'><strong>jure</strong></span> <span class='ocrx_word' id='word_1_47' title='bbox 309 1233 487 1307; x_wconf 87' lang='lat' dir='ltr'><strong>patronatus</strong></span> <span class='ocrx_word' id='word_1_48' title='bbox 509 1243 543 1290; x_wconf 80' lang='lat' dir='ltr'><strong>en</strong></span> <span class='ocrx_word' id='word_1_49' title='bbox 563 1221 655 1307; x_wconf 85' lang='lat' dir='ltr'><strong>gratia</strong></span> <span class='ocrx_word' id='word_1_50' title='bbox 676 1223 794 1306; x_wconf 84' lang='lat' dir='ltr'><strong>Regum</strong></span> <span class='ocrx_word' id='word_1_51' title='bbox 820 1223 1054 1286; x_wconf 79' lang='lat' dir='ltr'><strong>catolirornma</strong></span> <span class='ocrx_word' id='word_1_52' title='bbox 1080 1225 1111 1286; x_wconf 93' lang='lat' dir='ltr'><strong>S.</strong></span> <span class='ocrx_word' id='word_1_53' title='bbox 1136 1219 1213 1284; x_wconf 84' lang='lat' dir='ltr'><strong>Sede</strong></span> 
     </span>
     <span class='ocr_line' id='line_1_9' title="bbox 214 1311 1213 1398; baseline -0.005 -23"><span class='ocrx_word' id='word_1_54' title='bbox 214 1335 373 1398; x_wconf 78' lang='lat' dir='ltr'><strong>concesso,</strong></span> <span class='ocrx_word' id='word_1_55' title='bbox 402 1311 449 1373; x_wconf 88' lang='lat' dir='ltr'><strong>vel</strong></span> <span class='ocrx_word' id='word_1_56' title='bbox 473 1322 554 1374; x_wconf 89' lang='lat' dir='ltr'><strong>certe</strong></span> <span class='ocrx_word' id='word_1_57' title='bbox 579 1333 612 1374; x_wconf 87' lang='lat' dir='ltr'><strong>ex</strong></span> <span class='ocrx_word' id='word_1_58' title='bbox 642 1311 806 1374; x_wconf 81' lang='lat' dir='ltr'><strong>collatione</strong></span> <span class='ocrx_word' id='word_1_59' title='bbox 834 1311 994 1392; x_wconf 86' lang='lat' dir='ltr'><strong>canoniea,</strong></span> <span class='ocrx_word' id='word_1_60' title='bbox 1026 1311 1213 1376; x_wconf 86' lang='lat' dir='ltr'><strong>etinstitu-</strong></span> 
     </span>
     <span class='ocr_line' id='line_1_10' title="bbox 217 1390 1214 1486; baseline -0.003 -23"><span class='ocrx_word' id='word_1_61' title='bbox 217 1402 302 1466; x_wconf 89' lang='lat' dir='ltr'><strong>tinne</strong></span> <span class='ocrx_word' id='word_1_62' title='bbox 318 1406 357 1464; x_wconf 89' lang='lat' dir='ltr'><strong>ab</strong></span> <span class='ocrx_word' id='word_1_63' title='bbox 377 1399 450 1484; x_wconf 90' lang='lat' dir='ltr'><strong>ipsis</strong></span> <span class='ocrx_word' id='word_1_64' title='bbox 466 1390 763 1484; x_wconf 65' lang='lat' dir='ltr'><strong>Episcopis&#39;statuta,</strong></span> <span class='ocrx_word' id='word_1_65' title='bbox 781 1404 801 1462; x_wconf 84' lang='lat' dir='ltr'><strong>ai</strong></span> <span class='ocrx_word' id='word_1_66' title='bbox 817 1398 1103 1486; x_wconf 67' lang='lat' dir='ltr'><strong>Regibus-Castaliae</strong></span> <span class='ocrx_word' id='word_1_67' title='bbox 1120 1419 1214 1485; x_wconf 71' lang='lat' dir='ltr'><strong>praes-</strong></span> 
     </span>
     <span class='ocr_line' id='line_1_11' title="bbox 191 1487 1214 1574; baseline -0.003 -21"><span class='ocrx_word' id='word_1_68' title='bbox 191 1503 194 1508; x_wconf 86' lang='lat'>&#39;</span> <span class='ocrx_word' id='word_1_69' title='bbox 218 1490 329 1574; x_wconf 87' lang='lat' dir='ltr'><strong>cripta,</strong></span> <span class='ocrx_word' id='word_1_70' title='bbox 352 1487 390 1552; x_wconf 89' lang='lat' dir='ltr'><strong>ab</strong></span> <span class='ocrx_word' id='word_1_71' title='bbox 410 1489 576 1573; x_wconf 84' lang='lat' dir='ltr'><strong>Hispanico</strong></span> <span class='ocrx_word' id='word_1_72' title='bbox 600 1487 757 1558; x_wconf 89' lang='lat' dir='ltr'><strong>Gubernio</strong></span> <span class='ocrx_word' id='word_1_73' title='bbox 781 1492 908 1570; x_wconf 90' lang='lat' dir='ltr'><strong>sancita,</strong></span> <span class='ocrx_word' id='word_1_74' title='bbox 934 1493 949 1552; x_wconf 76' lang='lat' dir='ltr'><strong>cl</strong></span> <span class='ocrx_word' id='word_1_75' title='bbox 977 1492 1040 1556; x_wconf 88' lang='lat' dir='ltr'><strong>Sta.</strong></span> <span class='ocrx_word' id='word_1_76' title='bbox 1062 1489 1138 1552; x_wconf 88' lang='lat' dir='ltr'><strong>Sede</strong></span> <span class='ocrx_word' id='word_1_77' title='bbox 1166 1500 1214 1550; x_wconf 84' lang='lat' dir='ltr'><strong>to·</strong></span> 
     </span>
     <span class='ocr_line' id='line_1_12' title="bbox 217 1575 1214 1660; baseline -0.004 -18"><span class='ocrx_word' id='word_1_78' title='bbox 217 1581 325 1660; x_wconf 84' lang='lat' dir='ltr'><strong>lerata,</strong></span> <span class='ocrx_word' id='word_1_79' title='bbox 349 1590 378 1641; x_wconf 91' lang='lat' dir='ltr'><strong>et</strong></span> <span class='ocrx_word' id='word_1_80' title='bbox 405 1576 627 1641; x_wconf 88' lang='lat' dir='ltr'><strong>consuetudine</strong></span> <span class='ocrx_word' id='word_1_81' title='bbox 654 1578 860 1642; x_wconf 84' lang='lat' dir='ltr'><strong>inmemoria¹i</strong></span> <span class='ocrx_word' id='word_1_82' title='bbox 890 1578 1021 1642; x_wconf 85' lang='lat' dir='ltr'><strong>firmata.</strong></span> <span class='ocrx_word' id='word_1_83' title='bbox 1053 1581 1090 1642; x_wconf 88' lang='lat' dir='ltr'><strong>Et</strong></span> <span class='ocrx_word' id='word_1_84' title='bbox 1115 1575 1214 1640; x_wconf 80' lang='lat' dir='ltr'><strong>larris-</strong></span> 
     </span>
     <span class='ocr_line' id='line_1_13' title="bbox 218 1664 1284 1752; baseline -0.003 -21"><span class='ocrx_word' id='word_1_85' title='bbox 218 1669 310 1752; x_wconf 88' lang='lat' dir='ltr'><strong>periti</strong></span> <span class='ocrx_word' id='word_1_86' title='bbox 343 1669 443 1730; x_wconf 87' lang='lat' dir='ltr'><strong>sciunt</strong></span> <span class='ocrx_word' id='word_1_87' title='bbox 469 1667 550 1752; x_wconf 87' lang='lat' dir='ltr'><strong>quod</strong></span> <span class='ocrx_word' id='word_1_88' title='bbox 581 1667 624 1730; x_wconf 85' lang='lat' dir='ltr'><strong>lex</strong></span> <span class='ocrx_word' id='word_1_89' title='bbox 653 1664 691 1729; x_wconf 92' lang='lat' dir='ltr'><strong>ab</strong></span> <span class='ocrx_word' id='word_1_90' title='bbox 719 1667 807 1730; x_wconf 87' lang='lat' dir='ltr'><strong>initio</strong></span> <span class='ocrx_word' id='word_1_91' title='bbox 828 1689 887 1731; x_wconf 93' lang='lat' dir='ltr'><strong>non</strong></span> <span class='ocrx_word' id='word_1_92' title='bbox 918 1678 1049 1752; x_wconf 83' lang='lat' dir='ltr'><strong>recepta,</strong></span> <span class='ocrx_word' id='word_1_93' title='bbox 1075 1666 1100 1728; x_wconf 91' lang='lat' dir='ltr'><strong>si</strong></span> <span class='ocrx_word' id='word_1_94' title='bbox 1123 1665 1212 1752; x_wconf 85' lang='lat' dir='ltr'><strong>legis·</strong></span> <span class='ocrx_word' id='word_1_95' title='bbox 1282 1741 1284 1746; x_wconf 23' lang='grc' dir='ltr'>Ι</span> 
     </span>
     <span class='ocr_line' id='line_1_14' title="bbox 216 1754 1211 1843; baseline -0.001 -24"><span class='ocrx_word' id='word_1_96' title='bbox 216 1758 296 1820; x_wconf 90' lang='lat' dir='ltr'><strong>lator</strong></span> <span class='ocrx_word' id='word_1_97' title='bbox 322 1777 383 1820; x_wconf 89' lang='lat' dir='ltr'><strong>non</strong></span> <span class='ocrx_word' id='word_1_98' title='bbox 413 1754 537 1838; x_wconf 77' lang='lat' dir='ltr'><strong>insistit,</strong></span> <span class='ocrx_word' id='word_1_99' title='bbox 565 1754 677 1832; x_wconf 78' lang='lat' dir='ltr'><strong>desipit</strong></span> <span class='ocrx_word' id='word_1_100' title='bbox 705 1775 771 1820; x_wconf 85' lang='lat' dir='ltr'><strong>esse</strong></span> <span class='ocrx_word' id='word_1_101' title='bbox 796 1757 841 1819; x_wconf 89' lang='lat' dir='ltr'><strong>lex</strong></span> <span class='ocrx_word' id='word_1_102' title='bbox 860 1759 908 1843; x_wconf 78' lang='lat' dir='ltr'><strong>(V.</strong></span> <span class='ocrx_word' id='word_1_103' title='bbox 939 1759 1059 1835; x_wconf 85' lang='lat' dir='ltr'><strong>Suarez,</strong></span> <span class='ocrx_word' id='word_1_104' title='bbox 1081 1754 1118 1818; x_wconf 89' lang='lat' dir='ltr'><strong>de</strong></span> <span class='ocrx_word' id='word_1_105' title='bbox 1140 1759 1211 1838; x_wconf 84' lang='lat' dir='ltr'><strong>Lag.</strong></span> 
     </span>
     <span class='ocr_line' id='line_1_15' title="bbox 217 1841 1214 1930; baseline 0.002 -20"><span class='ocrx_word' id='word_1_106' title='bbox 217 1845 275 1909; x_wconf 89' lang='lat' dir='ltr'><strong>lib.</strong></span> <span class='ocrx_word' id='word_1_107' title='bbox 302 1849 335 1912; x_wconf 77' lang='lat' dir='ltr'><strong>l.</strong></span> <span class='ocrx_word' id='word_1_108' title='bbox 360 1865 428 1928; x_wconf 90' lang='lat' dir='ltr'><strong>cap.</strong></span> <span class='ocrx_word' id='word_1_109' title='bbox 458 1847 513 1910; x_wconf 82' lang='lat' dir='ltr'><strong>to.</strong></span> <span class='ocrx_word' id='word_1_110' title='bbox 536 1865 566 1909; x_wconf 94' lang='lat' dir='ltr'><strong>n.</strong></span> <span class='ocrx_word' id='word_1_111' title='bbox 598 1849 654 1926; x_wconf 84' lang='lat' dir='ltr'><strong>t2,</strong></span> <span class='ocrx_word' id='word_1_112' title='bbox 684 1856 714 1906; x_wconf 89' lang='lat' dir='ltr'><strong>et</strong></span> <span class='ocrx_word' id='word_1_113' title='bbox 741 1845 858 1910; x_wconf 86' lang='lat' dir='ltr'><strong>Bened.</strong></span> <span class='ocrx_word' id='word_1_114' title='bbox 887 1848 968 1909; x_wconf 85' lang='lat' dir='ltr'>XIV.</span> <span class='ocrx_word' id='word_1_115' title='bbox 997 1845 1034 1908; x_wconf 88' lang='lat' dir='ltr'><strong>de</strong></span> <span class='ocrx_word' id='word_1_116' title='bbox 1054 1847 1125 1930; x_wconf 79' lang='lat' dir='ltr'><strong>Syn.</strong></span> <span class='ocrx_word' id='word_1_117' title='bbox 1156 1841 1214 1912; x_wconf 88' lang='lat' dir='ltr'><strong>lib.</strong></span> 
     </span>
     <span class='ocr_line' id='line_1_16' title="bbox 220 1933 1214 2020; baseline -0.002 -22"><span class='ocrx_word' id='word_1_118' title='bbox 220 1939 275 2002; x_wconf 69' lang='lat' dir='ltr'><strong>aa.</strong></span> <span class='ocrx_word' id='word_1_119' title='bbox 306 1957 334 2001; x_wconf 91' lang='lat' dir='ltr'><strong>c.</strong></span> <span class='ocrx_word' id='word_1_120' title='bbox 366 1933 411 2018; x_wconf 70' lang='lat'><strong>5),</strong></span> <span class='ocrx_word' id='word_1_121' title='bbox 440 1933 523 2018; x_wconf 90' lang='lat' dir='ltr'><strong>quod</strong></span> <span class='ocrx_word' id='word_1_122' title='bbox 548 1935 639 1997; x_wconf 87' lang='lat' dir='ltr'><strong>semel</strong></span> <span class='ocrx_word' id='word_1_123' title='bbox 671 1945 760 2020; x_wconf 87' lang='lat' dir='ltr'><strong>atque</strong></span> <span class='ocrx_word' id='word_1_124' title='bbox 794 1933 1128 2000; x_wconf 64' lang='lat' dir='ltr'><strong>tarantasmum</strong></span> <span class='ocrx_word' id='word_1_125' title='bbox 1157 1945 1214 2015; x_wconf 88' lang='lat' dir='ltr'><strong>est,</strong></span> 
     </span>
     <span class='ocr_line' id='line_1_17' title="bbox 181 2021 1214 2108; baseline 0.002 -22"><span class='ocrx_word' id='word_1_126' title='bbox 181 2059 183 2066; x_wconf 69' lang='lat'><strong>,</strong></span> <span class='ocrx_word' id='word_1_127' title='bbox 222 2037 255 2086; x_wconf 87' lang='lat' dir='ltr'><strong>nt</strong></span> <span class='ocrx_word' id='word_1_128' title='bbox 290 2023 423 2107; x_wconf 89' lang='lat' dir='ltr'><strong>amplius</strong></span> <span class='ocrx_word' id='word_1_129' title='bbox 457 2022 496 2085; x_wconf 90' lang='lat' dir='ltr'><strong>ab</strong></span> <span class='ocrx_word' id='word_1_130' title='bbox 529 2021 680 2108; x_wconf 86' lang='lat' dir='ltr'><strong>imperitis</strong></span> <span class='ocrx_word' id='word_1_131' title='bbox 712 2022 865 2108; x_wconf 72' lang='lat' dir='ltr'><strong>predictae</strong></span> <span class='ocrx_word' id='word_1_132' title='bbox 886 2025 996 2087; x_wconf 47' lang='lat' dir='ltr'><strong>,Runa</strong></span> <span class='ocrx_word' id='word_1_133' title='bbox 1037 2045 1099 2086; x_wconf 89' lang='lat' dir='ltr'><strong>non</strong></span> <span class='ocrx_word' id='word_1_134' title='bbox 1142 2043 1214 2088; x_wconf 79' lang='lat' dir='ltr'><strong>eve·</strong></span> 
     </span>
     <span class='ocr_line' id='line_1_18' title="bbox 215 2111 855 2199; baseline -0.009 -23"><span class='ocrx_word' id='word_1_135' title='bbox 215 2125 321 2177; x_wconf 84' lang='lat' dir='ltr'><strong>centur</strong></span> <span class='ocrx_word' id='word_1_136' title='bbox 348 2111 406 2199; x_wconf 82' lang='lat' dir='ltr'><strong>(l).</strong></span> <span class='ocrx_word' id='word_1_137' title='bbox 850 2161 855 2170; x_wconf 89' lang='lat'>.</span> 
     </span>
     <span class='ocr_line' id='line_1_19' title="bbox 259 2198 1215 2286; baseline -0.001 -21"><span class='ocrx_word' id='word_1_138' title='bbox 259 2207 316 2266; x_wconf 76' lang='lat' dir='ltr'><strong>ta.</strong></span> <span class='ocrx_word' id='word_1_139' title='bbox 366 2198 471 2265; x_wconf 85' lang='lat' dir='ltr'><strong>Clavis&#39;</strong></span> <span class='ocrx_word' id='word_1_140' title='bbox 492 2199 668 2286; x_wconf 75' lang='lat' dir='ltr'><strong>questionis</strong></span> <span class='ocrx_word' id='word_1_141' title='bbox 695 2209 752 2262; x_wconf 89' lang='lat' dir='ltr'><strong>stat</strong></span> <span class='ocrx_word' id='word_1_142' title='bbox 787 2200 816 2262; x_wconf 93' lang='lat' dir='ltr'><strong>in</strong></span> <span class='ocrx_word' id='word_1_143' title='bbox 851 2199 1042 2264; x_wconf 86' lang='lat' dir='ltr'><strong>institutione</strong></span> <span class='ocrx_word' id='word_1_144' title='bbox 1068 2199 1215 2264; x_wconf 84' lang='lat' dir='ltr'><strong>canonica</strong></span> 
     </span>
     <span class='ocr_line' id='line_1_20' title="bbox 216 2287 1217 2376; baseline -0.002 -20"><span class='ocrx_word' id='word_1_145' title='bbox 216 2291 368 2373; x_wconf 79' lang='lat' dir='ltr'><strong>collativa,</strong></span> <span class='ocrx_word' id='word_1_146' title='bbox 395 2289 588 2374; x_wconf 79' lang='lat' dir='ltr'><strong>regularibus</strong></span> <span class='ocrx_word' id='word_1_147' title='bbox 608 2290 761 2375; x_wconf 76' lang='lat' dir='ltr'><strong>imposita,</strong></span> <span class='ocrx_word' id='word_1_148' title='bbox 794 2289 909 2376; x_wconf 87' lang='lat' dir='ltr'><strong>absque</strong></span> <span class='ocrx_word' id='word_1_149' title='bbox 938 2290 1059 2354; x_wconf 87' lang='lat' dir='ltr'><strong>licentia</strong></span> <span class='ocrx_word' id='word_1_150' title='bbox 1081 2287 1217 2354; x_wconf 85' lang='lat' dir='ltr'><strong>Romani</strong></span> 
     </span>
    </p>
   </div>
   <div class='ocr_carea' id='block_1_3' title="bbox 104 2376 1284 2469">
    <p class='ocr_par' dir='ltr' id='par_1_3' title="bbox 104 2376 1284 2469">
     <span class='ocr_line' id='line_1_21' title="bbox 104 2376 1284 2469; baseline -0.006 -22"><span class='ocrx_word' id='word_1_151' title='bbox 104 2383 107 2392; x_wconf 84' lang='lat'>&#39;</span> <span class='ocrx_word' id='word_1_152' title='bbox 173 2380 531 2469; x_wconf 20' lang='lat' dir='ltr'><strong>,Pontificiaasanta</strong></span> <span class='ocrx_word' id='word_1_153' title='bbox 551 2380 634 2441; x_wconf 89' lang='lat' dir='ltr'><strong>Justa</strong></span> <span class='ocrx_word' id='word_1_154' title='bbox 657 2392 687 2441; x_wconf 90' lang='lat' dir='ltr'><strong>et</strong></span> <span class='ocrx_word' id='word_1_155' title='bbox 703 2376 814 2442; x_wconf 84' lang='lat' dir='ltr'><strong>Rufina</strong></span> <span class='ocrx_word' id='word_1_156' title='bbox 834 2380 1010 2466; x_wconf 82' lang='lat' dir='ltr'><strong>caeterisque</strong></span> <span class='ocrx_word' id='word_1_157' title='bbox 1030 2379 1139 2442; x_wconf 78' lang='lat' dir='ltr'><strong>bartam</strong></span> <span class='ocrx_word' id='word_1_158' title='bbox 1160 2378 1217 2441; x_wconf 81' lang='lat' dir='ltr'><strong>ln-</strong></span> <span class='ocrx_word' id='word_1_159' title='bbox 1281 2414 1284 2420; x_wconf 92' lang='lat'><em>·</em></span> 
     </span>
    </p>
   </div>
   <div class='ocr_carea' id='block_1_4' title="bbox 214 2467 1218 3181">
    <p class='ocr_par' dir='ltr' id='par_1_4' title="bbox 216 2467 1218 2904">
     <span class='ocr_line' id='line_1_22' title="bbox 216 2467 1214 2552; baseline -0.005 -19"><span class='ocrx_word' id='word_1_160' title='bbox 216 2471 353 2534; x_wconf 87' lang='lat' dir='ltr'><strong>salarum</strong></span> <span class='ocrx_word' id='word_1_161' title='bbox 376 2469 549 2552; x_wconf 75' lang='lat' dir='ltr'><strong>EpiscopiS,</strong></span> <span class='ocrx_word' id='word_1_162' title='bbox 576 2479 737 2552; x_wconf 84' lang='lat' dir='ltr'><strong>protestata</strong></span> <span class='ocrx_word' id='word_1_163' title='bbox 764 2469 851 2552; x_wconf 81' lang='lat' dir='ltr'><strong>apud.</strong></span> <span class='ocrx_word' id='word_1_164' title='bbox 869 2472 1008 2532; x_wconf 82' lang='lat' dir='ltr'><strong>Sanctam</strong></span> <span class='ocrx_word' id='word_1_165' title='bbox 1029 2467 1137 2534; x_wconf 87' lang='lat' dir='ltr'><strong>Sedem</strong></span> <span class='ocrx_word' id='word_1_166' title='bbox 1158 2488 1214 2552; x_wconf 82' lang='lat' dir='ltr'><strong>per</strong></span> 
     </span>
     <span class='ocr_line' id='line_1_23' title="bbox 217 2556 1218 2642; baseline -0.006 -20"><span class='ocrx_word' id='word_1_167' title='bbox 217 2558 424 2622; x_wconf 85' lang='lat' dir='ltr'><strong>Provinciales</strong></span> <span class='ocrx_word' id='word_1_168' title='bbox 442 2556 587 2619; x_wconf 86' lang='lat' dir='ltr'><strong>ordinum</strong></span> <span class='ocrx_word' id='word_1_169' title='bbox 607 2557 793 2642; x_wconf 82' lang='lat' dir='ltr'><strong>regularium</strong></span> <span class='ocrx_word' id='word_1_170' title='bbox 812 2558 843 2620; x_wconf 95' lang='lat' dir='ltr'><strong>in</strong></span> <span class='ocrx_word' id='word_1_171' title='bbox 866 2557 1067 2642; x_wconf 85' lang='lat' dir='ltr'><strong>Pbilippiuis3</strong></span> <span class='ocrx_word' id='word_1_172' title='bbox 1084 2578 1151 2642; x_wconf 84' lang='lat' dir='ltr'><strong>quae</strong></span> <span class='ocrx_word' id='word_1_173' title='bbox 1171 2564 1218 2616; x_wconf 88' lang='lat' dir='ltr'><strong>ta-</strong></span> 
     </span>
     <span class='ocr_line' id='line_1_24' title="bbox 218 2644 1218 2732; baseline -0.006 -20"><span class='ocrx_word' id='word_1_174' title='bbox 218 2670 302 2726; x_wconf 89' lang='lat' dir='ltr'><strong>men,</strong></span> <span class='ocrx_word' id='word_1_175' title='bbox 325 2657 452 2732; x_wconf 85' lang='lat' dir='ltr'><strong>propter</strong></span> <span class='ocrx_word' id='word_1_176' title='bbox 476 2645 631 2708; x_wconf 91' lang='lat' dir='ltr'><strong>silentium</strong></span> <span class='ocrx_word' id='word_1_177' title='bbox 649 2649 764 2710; x_wconf 85' lang='lat' dir='ltr'><strong>Sanetae</strong></span> <span class='ocrx_word' id='word_1_178' title='bbox 786 2644 886 2731; x_wconf 90' lang='lat' dir='ltr'><strong>Sedis,</strong></span> <span class='ocrx_word' id='word_1_179' title='bbox 916 2646 1069 2710; x_wconf 84' lang='lat' dir='ltr'><strong>resultavit</strong></span> <span class='ocrx_word' id='word_1_180' title='bbox 1086 2666 1218 2708; x_wconf 86' lang='lat' dir='ltr'><strong>eonsue-</strong></span> 
     </span>
     <span class='ocr_line' id='line_1_25' title="bbox 216 2734 1211 2822; baseline -0.004 -23"><span class='ocrx_word' id='word_1_181' title='bbox 216 2736 291 2800; x_wconf 88' lang='lat' dir='ltr'><strong>tudu</strong></span> <span class='ocrx_word' id='word_1_182' title='bbox 316 2748 419 2798; x_wconf 87' lang='lat' dir='ltr'><strong>eontra</strong></span> <span class='ocrx_word' id='word_1_183' title='bbox 450 2735 559 2818; x_wconf 88' lang='lat' dir='ltr'><strong>legem,</strong></span> <span class='ocrx_word' id='word_1_184' title='bbox 588 2757 658 2798; x_wconf 89' lang='lat' dir='ltr'><strong>cum</strong></span> <span class='ocrx_word' id='word_1_185' title='bbox 683 2734 828 2800; x_wconf 90' lang='lat' dir='ltr'><strong>omnibus</strong></span> <span class='ocrx_word' id='word_1_186' title='bbox 854 2735 1011 2822; x_wconf 81' lang='lat' dir='ltr'><strong>requisitis</strong></span> <span class='ocrx_word' id='word_1_187' title='bbox 1033 2745 1067 2798; x_wconf 89' lang='lat' dir='ltr'><strong>ut</strong></span> <span class='ocrx_word' id='word_1_188' title='bbox 1093 2735 1144 2809; x_wconf 84' lang='lat' dir='ltr'><strong>sit,</strong></span> <span class='ocrx_word' id='word_1_189' title='bbox 1167 2734 1211 2796; x_wconf 88' lang='lat' dir='ltr'><strong>si·</strong></span> 
     </span>
     <span class='ocr_line' id='line_1_26' title="bbox 217 2824 534 2904; baseline -0.009 -16"><span class='ocrx_word' id='word_1_190' title='bbox 217 2838 268 2889; x_wconf 88' lang='lat' dir='ltr'><strong>eut</strong></span> <span class='ocrx_word' id='word_1_191' title='bbox 296 2838 351 2904; x_wconf 90' lang='lat' dir='ltr'><strong>est,</strong></span> <span class='ocrx_word' id='word_1_192' title='bbox 383 2843 451 2887; x_wconf 79' lang='lat' dir='ltr'><strong>vera</strong></span> <span class='ocrx_word' id='word_1_193' title='bbox 478 2824 534 2886; x_wconf 84' lang='lat' dir='ltr'><strong>lex.</strong></span> 
     </span>
    </p>

    <p class='ocr_par' dir='ltr' id='par_1_5' title="bbox 214 2912 1217 3181">
     <span class='ocr_line' id='line_1_27' title="bbox 259 2912 1217 2998; baseline -0.004 -18"><span class='ocrx_word' id='word_1_194' title='bbox 259 2919 314 2982; x_wconf 77' lang='lat'><strong>20.</strong></span> <span class='ocrx_word' id='word_1_195' title='bbox 363 2913 515 2976; x_wconf 84' lang='lat' dir='ltr'><strong>Audiatur</strong></span> <span class='ocrx_word' id='word_1_196' title='bbox 532 2921 660 2998; x_wconf 75' lang='lat' dir='ltr'><strong>sequens</strong></span> <span class='ocrx_word' id='word_1_197' title='bbox 681 2912 858 2985; x_wconf 87' lang='lat' dir='ltr'><strong>declaratio.</strong></span> <span class='ocrx_word' id='word_1_198' title='bbox 881 2917 978 2978; x_wconf 79' lang='lat' dir='ltr'><strong>«Cum</strong></span> <span class='ocrx_word' id='word_1_199' title='bbox 997 2913 1076 2978; x_wconf 89' lang='lat' dir='ltr'><strong>inter</strong></span> <span class='ocrx_word' id='word_1_200' title='bbox 1090 2923 1217 2976; x_wconf 86' lang='lat' dir='ltr'><strong>contre·</strong></span> 
     </span>
     <span class='ocr_line' id='line_1_28' title="bbox 214 2993 1217 3090; baseline -0.005 -23"><span class='ocrx_word' id='word_1_201' title='bbox 214 3005 327 3067; x_wconf 83' lang='lat' dir='ltr'><strong>versias</strong></span> <span class='ocrx_word' id='word_1_202' title='bbox 346 3024 413 3088; x_wconf 77' lang='lat' dir='ltr'><strong>qua</strong></span> <span class='ocrx_word' id='word_1_203' title='bbox 430 3004 509 3065; x_wconf 87' lang='lat' dir='ltr'><strong>inter</strong></span> <span class='ocrx_word' id='word_1_204' title='bbox 525 3005 677 3066; x_wconf 79' lang='lat' dir='ltr'><strong>loannem</strong></span> <span class='ocrx_word' id='word_1_205' title='bbox 697 3002 832 3088; x_wconf 81' lang='lat' dir='ltr'><strong>Palalor,</strong></span> <span class='ocrx_word' id='word_1_206' title='bbox 855 3025 904 3089; x_wconf 89' lang='lat' dir='ltr'><strong>ep.</strong></span> <span class='ocrx_word' id='word_1_207' title='bbox 923 2993 1217 3090; x_wconf 82' lang='lat' dir='ltr'><strong>Angelepolitannm</strong></span> 
     </span>
     <span class='ocr_line' id='line_1_29' title="bbox 219 3091 1214 3181; baseline -0.004 -25"><span class='ocrx_word' id='word_1_208' title='bbox 219 3106 249 3156; x_wconf 87' lang='lat' dir='ltr'><strong>et</strong></span> <span class='ocrx_word' id='word_1_209' title='bbox 283 3091 585 3178; x_wconf 82' lang='lat' dir='ltr'><strong>clericos&#39;rcgulares</strong></span> <span class='ocrx_word' id='word_1_210' title='bbox 606 3095 676 3158; x_wconf 83' lang='lat' dir='ltr'><strong>Soc.</strong></span> <span class='ocrx_word' id='word_1_211' title='bbox 701 3094 771 3157; x_wconf 88' lang='lat' dir='ltr'><strong>Jesu</strong></span> <span class='ocrx_word' id='word_1_212' title='bbox 796 3093 978 3181; x_wconf 81' lang='lat' dir='ltr'><strong>agebantur,</strong></span> <span class='ocrx_word' id='word_1_213' title='bbox 1004 3092 1068 3156; x_wconf 84' lang='lat' dir='ltr'><strong>baec</strong></span> <span class='ocrx_word' id='word_1_214' title='bbox 1089 3111 1214 3177; x_wconf 88' lang='lat' dir='ltr'><strong>quoquc</strong></span> 
     </span>
    </p>
   </div>
   <div class='ocr_carea' id='block_1_5' title="bbox 209 3291 452 3308">
    <p class='ocr_par' dir='ltr' id='par_1_6' title="bbox 209 3291 452 3308">
     <span class='ocr_line' id='line_1_30' title="bbox 209 3291 452 3308; baseline -0.016 0"><span class='ocrx_word' id='word_1_215' title='bbox 209 3291 452 3308; x_wconf 47' lang='lat' dir='ltr'>*un—u</span> 
     </span>
    </p>
   </div>
   <div class='ocr_carea' id='block_1_6' title="bbox 173 3370 1220 4162">
    <p class='ocr_par' dir='ltr' id='par_1_7' title="bbox 173 3370 1220 4162">
     <span class='ocr_line' id='line_1_31' title="bbox 173 3370 1217 3447; baseline -0.004 -17"><span class='ocrx_word' id='word_1_216' title='bbox 173 3387 180 3408; x_wconf 86' lang='lat'><strong>·</strong></span> <span class='ocrx_word' id='word_1_217' title='bbox 253 3376 295 3447; x_wconf 78' lang='lat' dir='ltr'><strong>(t)</strong></span> <span class='ocrx_word' id='word_1_218' title='bbox 334 3375 746 3444; x_wconf 78' lang='lat' dir='ltr'><strong>«Animadvertimustegern,</strong></span> <span class='ocrx_word' id='word_1_219' title='bbox 773 3391 835 3446; x_wconf 81' lang='lat' dir='ltr'><strong>quae</strong></span> <span class='ocrx_word' id='word_1_220' title='bbox 866 3376 953 3432; x_wconf 87' lang='lat' dir='ltr'><strong>initio</strong></span> <span class='ocrx_word' id='word_1_221' title='bbox 978 3391 1040 3432; x_wconf 91' lang='lat' dir='ltr'><strong>nou</strong></span> <span class='ocrx_word' id='word_1_222' title='bbox 1070 3370 1217 3443; x_wconf 84' lang='lat' dir='ltr'><strong>recipitur,</strong></span> 
     </span>
     <span class='ocr_line' id='line_1_32' title="bbox 215 3443 1219 3518; baseline -0.005 -15"><span class='ocrx_word' id='word_1_223' title='bbox 215 3449 279 3504; x_wconf 88' lang='lat' dir='ltr'><strong>sinc</strong></span> <span class='ocrx_word' id='word_1_224' title='bbox 304 3445 363 3502; x_wconf 90' lang='lat' dir='ltr'><strong>ullo</strong></span> <span class='ocrx_word' id='word_1_225' title='bbox 389 3449 523 3516; x_wconf 89' lang='lat' dir='ltr'><strong>temporis</strong></span> <span class='ocrx_word' id='word_1_226' title='bbox 546 3448 637 3518; x_wconf 87' lang='lat' dir='ltr'><strong>spatio</strong></span> <span class='ocrx_word' id='word_1_227' title='bbox 657 3447 798 3518; x_wconf 83' lang='lat' dir='ltr'><strong>abrogari.</strong></span> <span class='ocrx_word' id='word_1_228' title='bbox 823 3449 937 3517; x_wconf 83' lang='lat' dir='ltr'><strong>qtrando</strong></span> <span class='ocrx_word' id='word_1_229' title='bbox 962 3445 1075 3503; x_wconf 85' lang='lat' dir='ltr'><strong>scilicet</strong></span> <span class='ocrx_word' id='word_1_230' title='bbox 1100 3443 1219 3514; x_wconf 79' lang='lat' dir='ltr'><strong>legisla-</strong></span> 
     </span>
     <span class='ocr_line' id='line_1_33' title="bbox 217 3519 1216 3589; baseline -0.003 -17"><span class='ocrx_word' id='word_1_231' title='bbox 217 3528 262 3574; x_wconf 88' lang='lat' dir='ltr'><strong>tor</strong></span> <span class='ocrx_word' id='word_1_232' title='bbox 286 3519 368 3574; x_wconf 87' lang='lat' dir='ltr'><strong>novit</strong></span> <span class='ocrx_word' id='word_1_233' title='bbox 394 3519 485 3588; x_wconf 81' lang='lat' dir='ltr'><strong>legem</strong></span> <span class='ocrx_word' id='word_1_234' title='bbox 507 3521 599 3589; x_wconf 87' lang='lat' dir='ltr'><strong>ipsam</strong></span> <span class='ocrx_word' id='word_1_235' title='bbox 624 3535 684 3573; x_wconf 91' lang='lat' dir='ltr'><strong>non</strong></span> <span class='ocrx_word' id='word_1_236' title='bbox 707 3521 821 3585; x_wconf 81' lang='lat' dir='ltr'><strong>servari3</strong></span> <span class='ocrx_word' id='word_1_237' title='bbox 840 3527 908 3575; x_wconf 90' lang='lat' dir='ltr'><strong>tunc</strong></span> <span class='ocrx_word' id='word_1_238' title='bbox 929 3521 1037 3576; x_wconf 89' lang='lat' dir='ltr'><strong>etenim</strong></span> <span class='ocrx_word' id='word_1_239' title='bbox 1061 3523 1125 3586; x_wconf 89' lang='lat' dir='ltr'><strong>post</strong></span> <span class='ocrx_word' id='word_1_240' title='bbox 1145 3529 1216 3586; x_wconf 87' lang='lat' dir='ltr'><strong>peu·</strong></span> 
     </span>
     <span class='ocr_line' id='line_1_34' title="bbox 214 3584 1216 3660; baseline -0.006 -14"><span class='ocrx_word' id='word_1_241' title='bbox 214 3605 264 3646; x_wconf 83' lang='lat' dir='ltr'><strong>cos</strong></span> <span class='ocrx_word' id='word_1_242' title='bbox 293 3597 393 3646; x_wconf 87' lang='lat' dir='ltr'><strong>contra</strong></span> <span class='ocrx_word' id='word_1_243' title='bbox 418 3589 509 3660; x_wconf 84' lang='lat' dir='ltr'><strong>legem</strong></span> <span class='ocrx_word' id='word_1_244' title='bbox 532 3597 621 3655; x_wconf 86' lang='lat' dir='ltr'><strong>actus,</strong></span> <span class='ocrx_word' id='word_1_245' title='bbox 648 3589 759 3658; x_wconf 82' lang='lat' dir='ltr'><strong>quibus,</strong></span> <span class='ocrx_word' id='word_1_246' title='bbox 785 3605 852 3646; x_wconf 90' lang='lat' dir='ltr'><strong>cum</strong></span> <span class='ocrx_word' id='word_1_247' title='bbox 877 3590 961 3648; x_wconf 87' lang='lat' dir='ltr'><strong>lacile</strong></span> <span class='ocrx_word' id='word_1_248' title='bbox 991 3591 1139 3660; x_wconf 88' lang='lat' dir='ltr'><strong>potuisset,</strong></span> <span class='ocrx_word' id='word_1_249' title='bbox 1160 3584 1216 3641; x_wconf 91' lang='lat' dir='ltr'><strong>mi·</strong></span> 
     </span>
     <span class='ocr_line' id='line_1_35' title="bbox 214 3657 1218 3732; baseline -0.006 -16"><span class='ocrx_word' id='word_1_250' title='bbox 214 3661 294 3716; x_wconf 87' lang='lat' dir='ltr'><strong>nime</strong></span> <span class='ocrx_word' id='word_1_251' title='bbox 312 3659 432 3727; x_wconf 87' lang='lat' dir='ltr'><strong>obstitit,</strong></span> <span class='ocrx_word' id='word_1_252' title='bbox 451 3669 584 3718; x_wconf 88' lang='lat' dir='ltr'><strong>censetur</strong></span> <span class='ocrx_word' id='word_1_253' title='bbox 608 3661 699 3730; x_wconf 84' lang='lat' dir='ltr'><strong>legem</strong></span> <span class='ocrx_word' id='word_1_254' title='bbox 723 3662 824 3731; x_wconf 88' lang='lat' dir='ltr'><strong>ipsam,</strong></span> <span class='ocrx_word' id='word_1_255' title='bbox 842 3663 909 3732; x_wconf 81' lang='lat' dir='ltr'><strong>qnia</strong></span> <span class='ocrx_word' id='word_1_256' title='bbox 934 3659 1137 3718; x_wconf 85' lang='lat' dir='ltr'><strong>communitati</strong></span> <span class='ocrx_word' id='word_1_257' title='bbox 1157 3657 1218 3712; x_wconf 88' lang='lat' dir='ltr'><strong>dis-</strong></span> 
     </span>
     <span class='ocr_line' id='line_1_36' title="bbox 215 3727 1219 3860; baseline -0.005 -73"><span class='ocrx_word' id='word_1_258' title='bbox 215 3731 352 3860; x_wconf 86' lang='lat' dir='ltr'><strong>plicabat,</strong></span> <span class='ocrx_word' id='word_1_259' title='bbox 377 3731 534 3802; x_wconf 73' lang='lat' dir='ltr'><strong>revocasse,</strong></span> <span class='ocrx_word' id='word_1_260' title='bbox 557 3733 714 3802; x_wconf 81' lang='lat' dir='ltr'><strong>praesertim</strong></span> <span class='ocrx_word' id='word_1_261' title='bbox 733 3733 808 3803; x_wconf 91' lang='lat' dir='ltr'><strong>quod</strong></span> <span class='ocrx_word' id='word_1_262' title='bbox 827 3734 1008 3804; x_wconf 87' lang='lat' dir='ltr'><strong>praesumitur</strong></span> <span class='ocrx_word' id='word_1_263' title='bbox 1032 3730 1111 3786; x_wconf 88' lang='lat' dir='ltr'><strong>nolle</strong></span> <span class='ocrx_word' id='word_1_264' title='bbox 1131 3727 1219 3797; x_wconf 75' lang='lat' dir='ltr'><strong>legis·</strong></span> 
     </span>
     <span class='ocr_line' id='line_1_37' title="bbox 227 3800 1217 3876; baseline -0.006 -17"><span class='ocrx_word' id='word_1_265' title='bbox 227 3813 334 3860; x_wconf 88' lang='lat' dir='ltr'><strong>atorem</strong></span> <span class='ocrx_word' id='word_1_266' title='bbox 366 3820 431 3860; x_wconf 90' lang='lat' dir='ltr'><strong>cum</strong></span> <span class='ocrx_word' id='word_1_267' title='bbox 452 3805 580 3859; x_wconf 83' lang='lat' dir='ltr'><strong>marimo</strong></span> <span class='ocrx_word' id='word_1_268' title='bbox 605 3803 766 3860; x_wconf 86' lang='lat' dir='ltr'><strong>animarum</strong></span> <span class='ocrx_word' id='word_1_269' title='bbox 791 3806 954 3876; x_wconf 86' lang='lat' dir='ltr'><strong>dispendio,</strong></span> <span class='ocrx_word' id='word_1_270' title='bbox 978 3819 1035 3860; x_wconf 84' lang='lat' dir='ltr'><strong>suae</strong></span> <span class='ocrx_word' id='word_1_271' title='bbox 1059 3801 1132 3871; x_wconf 81' lang='lat' dir='ltr'><strong>legis</strong></span> <span class='ocrx_word' id='word_1_272' title='bbox 1150 3800 1217 3854; x_wconf 89' lang='lat' dir='ltr'><strong>vin·</strong></span> 
     </span>
     <span class='ocr_line' id='line_1_38' title="bbox 214 3875 1220 3946; baseline -0.006 -15"><span class='ocrx_word' id='word_1_273' title='bbox 214 3875 279 3931; x_wconf 90' lang='lat' dir='ltr'><strong>culo</strong></span> <span class='ocrx_word' id='word_1_274' title='bbox 295 3878 344 3934; x_wconf 74' lang='lat' dir='ltr'><strong>dita</strong></span> <span class='ocrx_word' id='word_1_275' title='bbox 362 3875 502 3932; x_wconf 87' lang='lat' dir='ltr'><strong>irretitam</strong></span> <span class='ocrx_word' id='word_1_276' title='bbox 518 3883 615 3931; x_wconf 88' lang='lat' dir='ltr'><strong>tenere</strong></span> <span class='ocrx_word' id='word_1_277' title='bbox 629 3877 878 3940; x_wconf 82' lang='lat' dir='ltr'><strong>communitatem.</strong></span> <span class='ocrx_word' id='word_1_278' title='bbox 895 3892 958 3946; x_wconf 87' lang='lat' dir='ltr'><strong>quae</strong></span> <span class='ocrx_word' id='word_1_279' title='bbox 971 3889 1122 3944; x_wconf 86' lang='lat' dir='ltr'><strong>nunquam</strong></span> <span class='ocrx_word' id='word_1_280' title='bbox 1135 3885 1220 3942; x_wconf 86' lang='lat' dir='ltr'><strong>passa</strong></span> 
     </span>
     <span class='ocr_line' id='line_1_39' title="bbox 214 3943 1218 4068; baseline -0.005 -66"><span class='ocrx_word' id='word_1_281' title='bbox 214 3955 256 4002; x_wconf 89' lang='lat' dir='ltr'><strong>est</strong></span> <span class='ocrx_word' id='word_1_282' title='bbox 283 3964 312 4004; x_wconf 90' lang='lat' dir='ltr'><strong>se</strong></span> <span class='ocrx_word' id='word_1_283' title='bbox 340 3965 373 4005; x_wconf 88' lang='lat' dir='ltr'><strong>ea</strong></span> <span class='ocrx_word' id='word_1_284' title='bbox 395 3946 566 4016; x_wconf 81' lang='lat' dir='ltr'><strong>constringi,</strong></span> <span class='ocrx_word' id='word_1_285' title='bbox 583 3955 614 4002; x_wconf 84' lang='lat' dir='ltr'><strong>ut</strong></span> <span class='ocrx_word' id='word_1_286' title='bbox 640 3945 715 4003; x_wconf 89' lang='lat' dir='ltr'><strong>bene</strong></span> <span class='ocrx_word' id='word_1_287' title='bbox 740 3948 928 4006; x_wconf 87' lang='lat' dir='ltr'><strong>ratiocinatur</strong></span> <span class='ocrx_word' id='word_1_288' title='bbox 951 3947 1055 4003; x_wconf 85' lang='lat' dir='ltr'><strong>Suarez</strong></span> <span class='ocrx_word' id='word_1_289' title='bbox 1084 3946 1119 4001; x_wconf 84' lang='lat' dir='ltr'><strong>de</strong></span> <span class='ocrx_word' id='word_1_290' title='bbox 1147 3943 1218 4068; x_wconf 62' lang='lat' dir='ltr'><strong>Lep.</strong></span> 
     </span>
     <span class='ocr_line' id='line_1_40' title="bbox 215 4014 1217 4090; baseline -0.005 -18"><span class='ocrx_word' id='word_1_291' title='bbox 215 4018 266 4073; x_wconf 88' lang='lat' dir='ltr'><strong>lib.</strong></span> <span class='ocrx_word' id='word_1_292' title='bbox 288 4020 315 4090; x_wconf 80' lang='lat' dir='ltr'><strong>i,</strong></span> <span class='ocrx_word' id='word_1_293' title='bbox 337 4037 361 4077; x_wconf 91' lang='lat' dir='ltr'><strong>c.</strong></span> <span class='ocrx_word' id='word_1_294' title='bbox 388 4018 421 4074; x_wconf 82' lang='lat' dir='ltr'><strong>lb</strong></span> <span class='ocrx_word' id='word_1_295' title='bbox 441 4019 521 4074; x_wconf 78' lang='lat' dir='ltr'><strong>num.</strong></span> <span class='ocrx_word' id='word_1_296' title='bbox 544 4017 588 4084; x_wconf 74' lang='lat' dir='ltr'><strong>tt,</strong></span> <span class='ocrx_word' id='word_1_297' title='bbox 613 4017 982 4076; x_wconf 82' lang='lat' dir='ltr'><strong>etBenedictus·X1Vde</strong></span> <span class='ocrx_word' id='word_1_298' title='bbox 1006 4019 1077 4088; x_wconf 74' lang='lat' dir='ltr'><strong>Syn.</strong></span> <span class='ocrx_word' id='word_1_299' title='bbox 1098 4014 1150 4071; x_wconf 87' lang='lat' dir='ltr'><strong>lib.</strong></span> <span class='ocrx_word' id='word_1_300' title='bbox 1173 4015 1184 4068; x_wconf 89' lang='lat' dir='ltr'><strong>t</strong></span> <span class='ocrx_word' id='word_1_301' title='bbox 1209 4053 1217 4076; x_wconf 83' lang='lat'><strong>,</strong></span> 
     </span>
     <span class='ocr_line' id='line_1_41' title="bbox 214 4087 1180 4162; baseline -0.001 -17"><span class='ocrx_word' id='word_1_302' title='bbox 214 4105 275 4162; x_wconf 87' lang='lat' dir='ltr'><strong>cap.</strong></span> <span class='ocrx_word' id='word_1_303' title='bbox 291 4095 334 4149; x_wconf 77' lang='lat' dir='ltr'><strong>t.»</strong></span> <span class='ocrx_word' id='word_1_304' title='bbox 351 4089 509 4149; x_wconf 87' lang='lat' dir='ltr'><strong>Veobiotti.</strong></span> <span class='ocrx_word' id='word_1_305' title='bbox 528 4089 589 4145; x_wconf 90' lang='lat' dir='ltr'><strong>Inst</strong></span> <span class='ocrx_word' id='word_1_306' title='bbox 617 4105 722 4147; x_wconf 86' lang='lat' dir='ltr'><strong>canon.</strong></span> <span class='ocrx_word' id='word_1_307' title='bbox 740 4089 792 4146; x_wconf 89' lang='lat' dir='ltr'><strong>lib.</strong></span> <span class='ocrx_word' id='word_1_308' title='bbox 812 4093 836 4149; x_wconf 94' lang='lat'><strong>1.</strong></span> <span class='ocrx_word' id='word_1_309' title='bbox 852 4105 877 4148; x_wconf 94' lang='lat' dir='ltr'><strong>c.</strong></span> <span class='ocrx_word' id='word_1_310' title='bbox 894 4089 919 4146; x_wconf 73' lang='lat'><strong>2.</strong></span> <span class='ocrx_word' id='word_1_311' title='bbox 939 4105 1050 4161; x_wconf 82' lang='lat' dir='ltr'><strong>paragr.</strong></span> <span class='ocrx_word' id='word_1_312' title='bbox 1071 4087 1116 4145; x_wconf 70' lang='lat'><strong>28.</strong></span> <span class='ocrx_word' id='word_1_313' title='bbox 1177 4155 1180 4160; x_wconf 11' lang='lat' dir='ltr'><em>J</em></span> 
     </span>
    </p>
   </div>
   <div class='ocr_carea' id='block_1_7' title="bbox 0 0 1456 4776">
    <p class='ocr_par' dir='ltr' id='par_1_8' title="bbox 0 0 1456 4776">
     <span class='ocr_line' id='line_1_42' title="bbox 0 0 1456 4776; baseline 0 0"><span class='ocrx_word' id='word_1_314' title='bbox 0 0 1456 4776; x_wconf 95' lang='lat' dir='ltr'><strong> </strong></span> 
     </span>
    </p>
   </div>
  </div>
 </body>
</html>
